5784 8384
461 603 525 670 258
1285 593 1401 660 titum
1421 591 1614 660 SECUNDUS

749 683 811 736 444
2091 679 2143 732 4444

462 775 542 828 4452
563 771 599 824 4*.
618 771 670 824 552
693 771 721 822 5.
743 771 758 822 8
779 799 814 812 -
833 771 979 826 secundum
997 773 1100 840 aliquos
1137 771 1164 822 d.
1182 771 1197 822 8
1217 799 1252 812 -·
1271 783 1321 824 una
1342 775 1380 822 εει
1399 771 1423 822 45
1443 771 1491 824 5445
1518 775 1625 834 propter
1648 771 1773 822 essentne
1813 767 1824 820 4
1831 765 1881 820 995
1900 763 1926 818 5.
1948 765 2016 818 4925
2035 767 2111 818 2*-
2124 769 2256 822 Perrietas
2274 767 2301 820 iit
2322 781 2369 834 per
2389 765 2449 820 sub·

462 863 660 924 distinguuntur
677 873 704 912 εε
724 861 789 924 ipsis
806 861 815 912 l
837 861 887 914 457
907 863 924 914 5
943 877 984 930 sq.
1004 891 1040 902 —
1057 861 1102 912 Di·
1136 859 1260 912 unitatem
1281 861 1288 910 Ι
1307 857 1359 912 349
1376 873 1404 926 5,
1421 857 1459 912 3*.
1478 857 1530 910 353
1549 857 1567 908 l.
1588 855 1602 908 5
1811 856 1962 910 tiliationem
1980 855 2016 906 lV
2034 855 2103 908 4925
2124 851 2153 906 2*

365 1015 367 1024 ‚
462 951 563 1004 stinctio
588 951 613 998 45
643 947 696 1000 955
716 951 870 1012 exprimitur
889 951 1046 1004 5444544445
1064 951 1101 1002 in·
1189 975 1226 986 -
1244 939 1295 1000 aon
1315 947 1394 1000 datur
1411 945 1773 1012 nistaquoprocedititto
1863 971 1900 982 —-
1918 943 2049 996 Pervietas
2068 947 2106 996 est
2120 941 2230 996 nobilior
2244 945 2354 1012 qualitas
2367 957 2448 1012 quam

462 1043 500 1092 ter
517 1049 658 1100 personas,
686 1049 738 1088 555
757 1047 787 1092 ut
805 1053 862 1104 res,
881 1039 929 1092 sed
954 1045 983 1092 ut
1003 1037 1101 1090 modus
1136 1035 1178 1086 et
1195 1063 1232 1074 -
1250 1035 1317 1088 nulla
1341 1035 1428 1088 tribuit
1446 1035 1501 1100 alii,
1523 1035 1569 1086 uisi
1596 1047 1663 1100 quae
1681 1031 1717 1086 ab
1740 1047 1773 1086 ea
1811 1033 1882 1084 color
1901 1035 1926 1086 et
1945 1033 2031 1084 miuus
2050 1031 2145 1084 nobilis
2163 1045 2243 1098 quam
2265 1033 2307 1086 lux
2326 1031 2359 1085 lV
2380 1031 2450 1084 4925

461 1125 522 1176 499
543 1137 599 1188 arg.
620 1123 644 1176 4.
666 1123 716 1176 494
735 1125 760 1178 d.
783 1127 807 1178 4.
828 1127 877 1178 429
897 1127 958 1178 da
1136 1125 1261 1187 procedat
1288 1125 1362 1176 4244
1387 1125 1408 1176 l.
1426 1125 1441 1174 8
1462 1151 1494 1162 -
1523 1121 1592 1174 nulla
1618 1123 1713 1186 accipit
1739 1121 1774 1174 ab
1811 1121 1829 1172 i.
1846 1119 1862 1170 7
1882 1147 1916 1158 -
1934 1123 2063 1186 reperitur
2091 1123 2115 1170 45
2141 1119 2265 1172 54454555
2292 1119 2450 1186 corporibus

512 1219 627 1266 —sunt
655 1213 744 1278 plures
773 1221 879 1280 propter
908 1211 1099 1266 distinctionem
1135 1211 1191 1276 alia,
1213 1215 1260 1264 uisi
1280 1215 1390 1278 accipiat
1409 1209 1519 1264 455545.
1538 1211 1554 1262 4.
1574 1209 1590 1260 9
1609 1223 1773 1262 -55545
1811 1209 1957 1260 secundum
1976 1209 2036 1272 plns
2054 1217 2081 1262 et
2099 1209 2187 1260 minus
2206 1209 2223 1260 ll
2243 1209 2365 1272 aurare.
2384 1209 2450 1260 5-

461 1299 648 1368 hypostasum,
667 1303 785 1354 sednon
804 1307 844 1354 est
870 1301 1025 1352 numerosi
1046 1299 1098 1352 354
1134 1301 1197 1364 cipit
1216 1301 1395 1352 auctoritatem
1415 1301 1463 1352 nisi
1482 1313 1496 1350 5
1517 1311 1569 1366 quo
1583 1299 1672 1362 recipit
1691 1299 1774 1350 virtu·
1810 1299 1979 1362 consequitur
2007 1299 2143 1350 materiam
2171 1297 2319 1350 secundum
2342 1311 2401 1350 esse
2423 1299 2451 1350 et

464 1389 499 1440 l*.
529 1389 579 1440 373
609 1387 638 1440 5*
665 1415 701 1428 -
731 1391 756 1440 45
783 1389 877 1440 5444545
902 1395 940 1440 est
965 1389 1099 1452 pluralitas
1135 1395 1202 1454 tem,
1222 1401 1270 1440 nee
1289 1387 1410 1440 virtutem
1423 1389 1566 1454 nisinquo
1580 1387 1670 1452 recipit
1687 1385 1773 1438 esset
1811 1383 1922 1436 termam
1951 1383 2013 1440 ibid.
2030 1411 2066 1422 -
2089 1385 2258 1452 consequitur
2284 1401 2342 1438 esse
2370 1389 2450 1438 mate-

461 1491 642 1542 persoearum,
658 1477 704 1530 sed
719 1491 769 1530 non
785 1479 891 1542 proprie
904 1479 1050 1530 numerosi
1063 1479 1094 1530 6-1
1134 1477 1186 1530 269
1206 1491 1222 1530 5
1240 1505 1275 1516 --
1293 1479 1320 1530 45
1340 1479 1460 1542 personis
1478 1481 1517 1530 est
1535 1491 1587 1528 una
1599 1487 1703 1528 summa
1718 1487 1773 1526 ma·
1809 1473 1871 1536 riae,
1892 1475 1963 1540 quod
1982 1473 2151 1526 5555445545
2173 1473 2373 1536 productionem
2393 1485 2449 1526 cor·

459 1565 486 1618 d,
506 1565 522 1616 7
541 1593 575 1604 -
596 1565 730 1618 pluralitas
748 1577 921 1628 personarum
949 1569 1019 1618 45544
1047 1579 1099 1618 me·
1135 1567 1216 1618 iestas
1243 1569 1316 1616 unica
1347 1563 1495 1620 adoratione
1524 1563 1657 1618 adoranda
1676 1569 1702 1616 et
1721 1577 1772 1616 una
1808 1575 1905 1626 porum
1923 1569 1950 1616 et
1968 1563 2157 1618 distinctionem
2177 1563 2196 1614 ll
2216 1563 2304 1614 303b

462 1655 534 1706 dium
554 1655 621 1706 inter
639 1653 710 1710 idern
739 1665 850 1704 nurnero
875 1659 900 1704 ει
928 1653 1064 1706 diversum
1090 1655 1098 1706 l
1134 1667 1239 1704 summa
1257 1653 1361 1706 5554455
1379 1657 1456 1706 unica
1475 1653 1610 1706 dilectione
1640 1653 1772 1716 diligenda
1863 1651 1999 1704 9444554545
2028 1681 2061 1690 -
2093 1653 2228 1704 ordinatur
2256 1651 2289 1704 55
2319 1651 2448 1716 decipien-

461 1741 512 1794 364
532 1755 555 1806 5,
574 1737 603 1792 5*
626 1737 688 1794 vtae
710 1739 739 1792 V.
758 1741 830 1794 Deus
850 1737 900 1798 26.
919 1767 954 1778 —
974 1755 1099 1796 necvere
1133 1743 1165 1792 lli
1183 1743 1235 1794 222
1255 1743 1282 1794 5.
1300 1743 1472 1806 2-04554,
1491 1739 1563 1808 quud
1583 1743 1772 1807 eonvenitper·
1809 1737 1888 1804 dam,
1907 1741 1950 1790 vel
1969 1739 2002 1790 ad
2023 1739 2181 1792 sumendum
2201 1741 2408 1802 experimentum
2427 1741 2448 1792 ll

459 1833 613 1880 numeratur
626 1827 796 1880 neetrabitur
809 1831 835 1878 in
850 1833 951 1894 partem
970 1831 979 1878 l
998 1827 1049 1880 443
1069 1827 1098 1880 4*
1134 1843 1215 1882 sonae
1233 1831 1332 1882 ratione
1352 1837 1469 1894 45444455,
1487 1829 1581 1880 5444454
1599 1827 1771 1880 detribuslli
1809 1823 1859 1876 498
1889 1839 1945 1890 arg.
1965 1827 1979 1878 3
1998 1853 2034 1866 -
2057 1829 2142 1878 Tanto
2168 1827 2298 1878 difficilius
2325 1835 2363 1878 est
2388 1829 2448 1880 resi-

513 1917 549 1952 ’-
566 1929 618 1968 555
637 1923 676 1968 εει
694 1917 795 1982 prima,
823 1917 849 1970 in
878 1931 930 1986 qna
959 1923 998 1970 est
1016 1923 1099 1968 status
1135 1917 1185 1968 426
1207 1917 1297 1982 area
1808 1917 1875 1966 stere
1895 1913 2002 1966 alicuius
2022 1917 2199 1982 persuasioni,
2223 1923 2322 1980 quanto
2340 1917 2382 1968 ille
2402 1917 2448 1984 qui

460 2005 575 2070 originis,
596 2019 663 2072 quae
683 2019 697 2058 a
717 2007 931 2072 nullo,etaqua
952 2011 1011 2058 suet
1034 2007 1099 2058 54454
1187 2031 1224 2046 -
1242 2009 1294 2058 4445
1312 2007 1505 2060 communicant
1526 2007 1549 2058 in
1574 2005 1674 2074 4544554
1704 2007 1771 2070 prin·
1808 2001 1949 2066 persuadet
1967 2003 2051 2068 magis
2070 2011 2172 2056 amatur
2191 2005 2210 2056 ll
2230 2001 2282 2056 592
2301 2001 2355 2056 tt

459 2093 537 2146 etad
556 2107 635 2160 quam
656 2095 665 2146 l
684 2093 718 2148 54
739 2093 766 2146 4*
784 2121 820 2136 -
839 2109 931 2148 omnes
951 2093 1100 2160 procedunt
1134 2095 1195 2160 cipii
1226 2095 1355 2148 causantis
1378 2097 1409 2148 iil
1429 2097 1461 2148 43
1481 2109 1494 2146 5
1515 2119 1550 2134 -
1574 2109 1626 2146 555
1656 2109 1707 2146 555
1732 2099 1772 2148 εει
1859 2093 2020 2142 *rationis
2039 2091 2273 2158 superaedificatur
2291 2107 2372 2160 super
2392 2095 2449 2146 iun·

459 2181 494 2234 ab
512 2197 563 2232 una
582 2189 690 2246 propter
710 2185 896 2236 connexionem
916 2187 924 2236 l
944 2185 978 2236 55
997 2185 1014 2234 4.
1034 2183 1098 2234 3-
1134 2185 1227 2236 melior
1244 2185 1323 2238 altera
1353 2187 1451 2238 ratione
1475 2197 1588 2250 operum
1614 2183 1648 2234 ad
1671 2185 1770 2236 544454
1808 2179 1962 2234 dementum
1979 2181 2039 2232 ildei
2058 2181 2091 2232 iii
2111 2179 2196 2232 8845

458 2283 551 2322 545545
569 2271 666 2325 545554
685 2271 775 2326 reduci
794 2273 826 2324 55
847 2287 942 2340 unam,
973 2273 1099 2340 quaesit
1135 2271 1187 2324 345
1207 2271 1236 2324 3*
1253 2301 1289 2310 -
1307 2275 1361 2338 agit
1385 2275 1481 2324 virtute
1508 2277 1615 2322 naturae
1634 2273 1662 2322 444
1682 2271 1772 2322 4265
1860 2271 2091 2322 9444454455-
2114 2269 2176 2320 54444
2205 2271 2376 2324 deflexionem
2405 2285 2446 2324 ra-

459 2361 618 2424 prineipium
644 2361 754 2412 aliarum
773 2361 782 2412 4
802 2359 849 2412 474
873 2361 943 2414 5-
963 2361 989 2412 st
1008 2373 1099 2424 proce·
1133 2385 1170 2400 ··-
1187 2367 1240 2412 tres
1259 2363 1285 2412 45
1310 2363 1380 2412 54554
1410 2361 1559 2424 operatione
1586 2361 1770 2412 convenienti
1808 2357 1884 2410 tionis
1902 2355 1935 2408 ab
1955 2359 2084 2424 aequitate
2107 2357 2137 2408 444
2162 2357 2213 2410 339
2238 2355 2257 2410 5
2283 2367 2320 2396 ’-
2347 2361 2447 2414 Pertur-

460 2447 552 2500 554554
570 2449 697 2512 45554455,
717 2463 810 2502 554555
823 2449 1098 2514 procederentimme·
1134 2447 1169 2500 52
1188 2445 1271 2500 3*-
1290 2447 1356 2502 Cum
1385 2449 1419 2500 de
1446 2463 1497 2500 una
1527 2449 1619 2500 dicitur
1639 2457 1771 2500 5445545-
1807 2443 1864 2496 5544
1883 2451 1922 2496 est
1940 2445 2033 2496 subiici
2050 2445 2080 2496 444
2099 2445 2188 2498 3555

461 2535 529 2588 diate
548 2551 562 2588 5
582 2537 657 2590 Patre
674 2535 708 2590 45.
728 2553 742 2588 5
761 2553 815 2610 sq„
1133 2537 1259 2602 sentiatis,
1280 2539 1392 2588 maxime
1417 2541 1538 2602 respectu
1556 2537 1664 2588 effectus
1682 2537 1770 2602 creati,
1861 2535 1910 2586 tias
1925 2561 1962 2574 —
1985 2533 2101 2586 deservit
2112 2535 2202 2586 virtuti
2215 2537 2400 2600 progressivae
2411 2535 2446 2588 lV

512 2651 549 2664 —
568 2625 720 2676 Divinarum
735 2639 907 2690 personarum
921 2633 1098 2678 numerusest
1133 2625 1198 2676 aliae
1218 2625 1296 2678 simul
1308 2625 1486 2690 intelliguntur
1498 2627 1529 2676 lll
1543 2624 1631 2676 4465.
1652 2625 1662 2676 4
1680 2625 1771 2676 -55
1807 2623 1858 2676 599
1877 2621 1951 2674 b-
1973 2621 2079 2676 Habcus
2100 2621 2196 2686 pedum
2221 2623 2358 2688 claudum,
2384 2637 2446 2678 cum

461 2713 549 2764 finitus
568 2715 574 2762 1
596 2715 629 2766 55
648 2713 667 2766 5
686 2743 720 2752 -
740 2715 765 2766 45
787 2715 838 2766 945
860 2715 937 2768 54544
965 2729 1023 2766 esse
1051 2719 1098 2766 sta·
1133 2713 1194 2766 beni
1214 2715 1324 2766 eandem
1345 2715 1531 2778 operationem,
1553 2727 1601 2766 nec
1625 2727 1694 2766 unus
1714 2715 1770 2778 put·
1807 2709 1936 2778 ambulat,
1959 2723 2064 2764 neeesse
2085 2709 2161 2764 nubet
2189 2711 2337 2766 claudicare
2354 2715 2372 2766 ll
2393 2713 2445 2766 685

459 2805 501 2854 ius
520 2803 739 2868 in·pr0ductiono
758 2817 931 2868 personarum
950 2805 957 2856 l
979 2805 1029 2856 439
1045 2805 1062 2856 4.
1080 2805 1097 2856 5
1133 2807 1172 2856 εει
1184 2805 1288 2868 operari
1302 2805 1358 2856 sine
1370 2805 1450 2856 altero
1464 2805 1472 2856 4
1486 2803 1537 2856 358
1550 2803 1566 2856 i.
1581 2805 1607 2856 2.
1618 2803 1647 2856 444
1667 2803 1699 2856 34
1716 2803 1740 2856 5.
1754 2801 1770 2854 4
1807 2815 1863 2866 arg.
1883 2799 1899 2852 5

458 2917 495 2930 -
512 2891 665 2946 Secundum
683 2893 762 2946 iidem
782 2895 933 2946 catholicam
948 2907 1048 2958 ponere
1059 2897 1098 2946 nst
1133 2891 1234 2946 -Non
1244 2897 1329 2958 potest
1339 2891 1434 2958 aliquid
1446 2893 1555 2958 produci
1568 2893 1603 2946 55
1618 2907 1669 2946 una
1684 2907 1770 2958 perso·
1859 2919 1896 2928 -
1914 2889 1960 2942 954
1973 2889 2095 2944 dicuntur
2107 2903 2188 2954 opera
2203 2889 2353 2958 irritaqui
2375 2903 2445 2942 nune

459 2983 560 3032 tanturn
579 2985 631 3032 tres
651 2995 776 3044 personas
795 2985 803 3034 l
822 2983 856 3034 57
875 2997 888 3034 5
909 3011 944 3020 υ-
962 2981 1097 3048 Congruit,
1134 2981 1770 3048 nasineattattita-Quuddicitetteetumin
1806 2981 1893 3046 velati,
1913 2981 1936 3030 45
1958 2979 2007 3030 5445
2028 2979 2251 3044 discooperientur
2273 2979 2304 3032 tv
2324 2979 2425 3032 49545

459 3081 519 3120 esse
537 3083 690 3134 personam,
710 3085 778 3136 qrrae
806 3075 906 3122 tantum
932 3069 989 3136 dat,
1008 3071 1095 3136 aliam,
1133 3069 1769 3134 54454545455455444445555445554542575.3
1859 3069 1959 3120 Persae
1982 3097 2019 3106 —-
2043 3069 2144 3134 Aliquis
2171 3071 2233 3132 petit
2262 3069 2371 3132 iniuste,
2401 3073 2446 3120 aut

460 3171 529 3222 quae
548 3165 647 3208 tantum
666 3159 771 3224 accipit,
793 3159 920 3222 mediam,
935 3171 1003 3222 quae
1016 3157 1098 3210 dntet
1133 3161 1204 3210 —ln
1220 3159 1369 3222 operatione
1382 3171 1554 3222 personarum
1574 3159 1714 3210 attenditur
1733 3173 1772 3210 or·
1807 3157 1867 3222 qtria
1887 3169 1938 3206 non
1960 3155 2037 3208 54544
2055 3159 2097 3208 455
2114 3157 2140 3206 45
2160 3171 2188 3208 44
2209 3159 2294 3220 petita,
2315 3163 2358 3208 aut
2384 3159 2446 3222 quia

460 3243 847 3308 ancipitibb—Contingit
873 3245 1015 3310 intelligere
1043 3259 1098 3310 per·
1134 3247 1177 3310 do,
1191 3249 1251 3312 quia
1265 3261 1315 3298 una
1330 3245 1409 3298 babet
1421 3245 1453 3298 55
1467 3247 1703 3314 alia,quodagat,
1724 3261 1772 3298 545
1807 3243 1917 3294 modum
1936 3243 2054 3294 debiturn
2075 3257 2125 3294 555
2141 3243 2273 3296 servatii*
2292 3243 2344 3296 743
2363 3243 2424 3298 dt

459 3345 565 3394 555545,
585 3347 654 3398 quae
674 3339 711 3384 est
741 3337 897 3398 principium
928 3347 1054 3398 personae
1072 3339 1098 3386 54
1134 3343 1221 3388 tamen
1241 3341 1279 3386 est
1298 3333 1332 3386 454
1358 3335 1484 3386 virtutum
1509 3337 1647 3388 diversitas
1665 3349 1713 3388 nee
1731 3349 1771 3386 se·
1861 3333 1961 3384 9444455
1978 3359 2012 3368 -
2033 3333 2117 3396 magis
2136 3333 2239 3384 amabat
2259 3335 2344 3384 lesum
2363 3345 2445 3398 quam

459 3435 510 3474 non
530 3423 729 3488 principiatum,
748 3423 840 3488 aliam,
863 3435 930 3490 uuae
949 3423 1098 3486 estprinei·
1133 3427 1235 3488 paratio
1262 3423 1303 3476 vel
1331 3423 1450 3476 distantia
1480 3425 1581 3492 aliqua,
1610 3425 1691 3474 immo
1721 3437 1770 3476 555
1807 3421 1915 3472 4555545
1933 3421 1963 3472 444
1981 3419 2033 3472 795
2051 3433 2108 3484 arg.
2122 3421 2148 3472 3.
2161 3419 2311 3492 7975452
2333 3447 2365 3456 -
2385 3419 2446 3472 dile·

459 3511 560 3574 44454545
587 3515 614 3562 et
641 3523 692 3560 555
717 3513 876 3576 principium
902 3525 1044 3576 personae,
1072 3517 1098 3562 44
1133 3515 1230 3566 virtute
1249 3519 1274 3564 et
1292 3525 1375 3578 aeque
1395 3513 1484 3565 intime
1502 3519 1584 3578 agunt
1602 3513 1611 3564 l
1629 3511 1772 3564 2244*-
1806 3511 1844 3560 xit
1862 3509 2003 3560 ferventius
2023 3509 2105 3560 Deum
2124 3509 2150 3558 in
2169 3509 2352 3572 proximoper
2369 3511 2445 3562 aetio·

459 3599 575 3662 tertiam,
596 3613 665 3666 54455
683 3603 722 3650 est
741 3601 924 3664 principiorum
949 3603 976 3652 et
1003 3601 1098 3666 priuci-
1134 3605 1186 3654 tres
1205 3601 1381 3654 indifferenter
1403 3615 1430 3654 se
1448 3601 1545 3654 babent
1556 3601 1589 3652 ad
1604 3607 1780 3666 naturamas-·
1808 3599 1848 3648 nis
1858 3597 1975 3648 laborem
1988 3596 2017 3648 lll
2031 3597 2083 3648 707
2099 3597 2115 3648 5
2130 3611 2216 3664 stp-
2228 3595 2384 3660 diligebatur
2398 3597 2445 3648 ior·

459 3687 534 3750 pium
554 3685 613 3740 45444.
632 3715 669 3726 -
686 3689 711 3738 ln
734 3689 853 3752 personis
873 3703 924 3742 555
944 3693 1099 3754 potestesse
1134 3693 1247 3740 sumtam
1265 3691 1295 3740 lli
1321 3691 1371 3740 493
1391 3687 1421 3740 2*
1438 3717 1473 3728 -
1492 3691 1517 3740 45
1532 3689 1629 3740 ratione
1643 3691 1770 3754 suppositi
1808 3687 1858 3738 tius
1877 3693 2003 3752 qtrarttum
2025 3685 2057 3738 ad
2070 3687 2191 3738 ellectum
2207 3687 2304 3750 gratiae
2316 3687 2445 3738 interioris

460 3777 627 3840 superfluitas
645 3789 693 3828 nec
712 3777 891 3830 insutrieientia
911 3777 920 3828 l
939 3777 972 3828 94
992 3777 1054 3828 dt
1133 3779 1220 3844 aliqua
1231 3791 1342 3844 persona
1353 3779 1470 3832 distincte
1483 3783 1567 3844 potest
1580 3779 1725 3844 comparari
1739 3779 1771 3832 55
1807 3771 1869 3828 ibid.
1890 3801 1922 3812 -·-
1952 3775 2123 3828 efficaciorem
2154 3773 2241 3826 babuit
2272 3777 2383 3840 gratiam
2411 3775 2445 3828 ad
2528 3817 2529 3820 ,

512 3891 549 3902 -
567 3865 617 3918 Ubi
635 3871 675 3918 est
693 3865 758 3918 ordo
778 3857 960 3932 personarum,
981 3867 1098 3930 primitas
1135 3871 1281 3920 creaturam
1302 3867 1330 3918 lll
1353 3867 1383 3918 43
1403 3883 1419 3920 5
1808 3861 1925 3914 45554545
1951 3863 2059 3914 actionis
2084 3861 2145 3916 4545.
2162 3889 2199 3900 -
2217 3863 2265 3914 Per
2285 3863 2390 3914 Petrum
2415 3863 2447 3914 si-

460 3955 486 4004 in
515 3955 600 4018 prima
632 3967 744 4018 persona
774 3965 813 4008 est
842 3957 906 4008 ratio
936 3953 1097 4020 producendi
1188 3981 1224 3996 ·-·
1246 3969 1296 4008 555
1320 3963 1406 4020 potest
1425 3957 1564 4020 significari
1584 3969 1631 4020 per
1651 3957 1720 4008 aliud
1739 3957 1774 4008 si·
1808 3951 1947 4014 enitemur
1966 3951 2019 4002 vita
2038 3951 2121 4002 activa
2141 3949 2202 4004 45444.

461 4043 550 4094 544554
580 4041 625 4092 474
650 4057 718 4092 5-
746 4047 845 4096 ratione
873 4045 1010 4108 primitatis
1040 4049 1098 4094 nata
1138 4045 1448 4110 gnumquamalternlll
1465 4045 1528 4098 424.
1550 4043 1774 4108 l-unapotest
1862 4065 1897 4078 -
1916 4039 2003 4092 multis
2022 4037 2169 4104 virginibus
2187 4041 2334 4104 5455454454·
2352 4040 2370 4090 ll
2394 4039 2445 4092 254

459 4137 498 4182 εει
516 4131 592 4182 aliam
613 4145 642 4182 ex
662 4145 690 4182 se
710 4131 878 4194 produceret
897 4131 931 4182 54
950 4143 1013 4182 5-
1026 4131 1099 4182 Ema·
1134 4135 1188 4184 sota
1208 4135 1235 4184 in
1253 4139 1371 4184 creature
1390 4133 1531 4198 significari
1550 4133 1577 4184 444
1605 4131 1636 4184 34
1658 4135 1683 4186 5.
1703 4131 1719 4184 4
1738 4161 1773 4170 -
1808 4141 1822 4178 5
1848 4155 1881 4164 -
1907 4137 1965 4192 post
1992 4129 2159 4192 negationem
2186 4129 2328 4180 resurrexit
2356 4127 2445 4180 tortior

459 4221 528 4272 natio
552 4233 679 4286 personae
707 4233 759 4272 non
784 4221 925 4274 attenditur
951 4219 1098 4272 secundum
1135 4220 1773 4286 Unaimagorepraeseniatplurespersonasse·
1808 4215 1837 4266 lll
1857 4215 1908 4266 676
1928 4215 1981 4266 43

459 4309 585 4360 rationem
606 4305 729 4358 bonitatis
746 4311 886 4372 essentiae,
899 4307 945 4360 scd
958 4309 1044 4372 nnagis
1063 4311 1098 4358 te·
1135 4309 1251 4362 cundum
1277 4309 1425 4360 diiierentes
1452 4311 1624 4374 proprietates
1641 4315 1668 4360 et
1685 4315 1773 4374 poten·
1861 4329 1898 4342 —
1916 4303 2022 4354 videtur
2040 4305 2130 4356 leviter
2144 4317 2268 4368 peccasse
2282 4303 2382 4356 deiectu
2397 4305 2446 4356 eir-

459 4395 745 4460 eunditatispersonae
764 4399 771 4446 l
792 4397 843 4450 345
863 4395 891 4446 3*
911 4423 946 4434 -
970 4409 1022 4448 una
1047 4407 1098 4446 non
1135 4399 1184 4448 tias
1200 4399 1231 4448 444
1251 4395 1283 4448 45
1304 4395 1331 4448 4*
1808 4393 2010 4456 eurrrspcctioeis
2024 4399 2048 4444 et
2060 4393 2217 4458 negligentia
2231 4399 2255 4446 ct
2269 4395 2301 4446 de
2315 4395 2365 4446 boc
2378 4391 2445 4446 bene

458 4489 498 4536 est
515 4485 608 4536 melior
627 4485 705 4536 altera
725 4487 823 4538 ratione
837 4485 1017 4548 productionis
1037 4485 1098 4536 alie·
1154 4505 1156 4508 ·
1187 4513 1224 4524 —
1242 4485 1351 4536 Ratione
1370 4487 1473 4538 unionis
1497 4485 1643 4550 personalis
1661 4493 1699 4536 est
1720 4501 1769 4538 una
1808 4481 2016 4548 reprehensusa
2039 4481 2116 4534 Paulo
2135 4481 2169 4534 ll'
2188 4479 2257 4534 885

458 4575 513 4626 rius
540 4587 668 4638 personae
695 4569 757 4626 4545.
776 4603 812 4612 -
830 4577 938 4638 generat
961 4575 969 4624 l
998 4573 1048 4624 483
1068 4571 1097 4624 3*
1134 4587 1246 4638 persona
1274 4575 1299 4624 in
1325 4573 1430 4626 duabus
1454 4577 1554 4626 naturis
1581 4575 1610 4626 lll
1629 4575 1680 4626 228
1699 4575 1718 4626 5
1735 4601 1772 4614 -
1860 4597 1895 4606 -
1916 4569 1980 4622 Pelii
2000 4569 2064 4622 fides
2084 4583 2135 4620 555
2162 4569 2247 4622 deficit
2275 4573 2299 4622 in
2330 4583 2442 4636 persona

462 4659 525 4716 Vide
550 4661 578 4714 V.
599 4661 741 4716 6444444445
761 4659 807 4716 45.
1134 4663 1199 4714 Unio
1220 4669 1371 4716 naturarum
1390 4677 1442 4714 non
1462 4665 1533 4728 lecit,
1556 4667 1585 4716 at
1605 4677 1718 4728 persona
1736 4647 1771 4716 di·
1807 4659 1935 4714 Ecclesiae
1953 4659 1986 4712 lV
2014 4659 2065 4712 532
2092 4661 2109 4710 4.
2129 4665 2139 4712 4
2162 4687 2199 4698 ·-
2217 4659 2334 4714 Christus
2361 4661 2445 4714 Eccle-

398 4791 402 4810 ,
504 4763 601 4802 -555
614 4765 666 4802 555
677 4753 818 4816 potestnisi
829 4749 972 4804 unornodo
986 4749 1095 4816 produci
1133 4755 1194 4804 vina
1214 4757 1290 4816 esset,
1310 4751 1353 4802 rel
1372 4765 1424 4802 una
1442 4757 1518 4818 esset,
1539 4749 1585 4804 sed
1613 4753 1685 4818 quod
1703 4761 1772 4806 esset
1808 4751 1872 4802 siam
1893 4751 2024 4800 cummisit
2041 4749 2116 4802 Petro
2136 4747 2338 4814 gubernandam
2351 4751 2379 4802 444
2393 4747 2445 4802 797

458 4839 539 4890 4445
559 4839 584 4890 5.
606 4839 734 4890 launa
753 4839 907 4906 producitur
927 4853 979 4892 uno
999 4845 1095 4892 actuet
1133 4839 1455 4894 urraindunbusnaturis
1474 4841 1566 4894 444458
1591 4839 1771 4894 4*-94454
1808 4853 1863 4904 arg.
1883 4839 1911 4904 3,
1930 4837 1947 4890 5
1967 4865 2002 4878 -·
2021 4853 2102 4902 super
2120 4851 2214 4890 omnes
2231 4839 2386 4892 constitutus
2405 4843 2443 4890 esi

458 4927 493 4980 55
511 4943 564 4982 tino
582 4929 712 4992 principio
731 4927 739 4978 4
759 4927 810 4980 244
830 4929 1095 4980 4.2-55445445445
1133 4929 1278 4982 secundnm
1310 4929 1533 4992 comparationem
1562 4929 1598 4980 55
1628 4931 1770 4982 humanam
1808 4929 1842 4980 lV
1871 4925 1924 4980 594
1953 4925 1982 4980 4*
2009 4955 2046 4966 --
2071 4929 2228 4980 architectus
2255 4929 2385 4982 Ecclesiae
2416 4929 2446 4980 444

458 5021 543 5082 potest
571 5017 648 5070 simul
677 5015 798 5082 pluribus
826 5019 912 5070 modis
939 5019 1095 5070 emanare!
1133 5019 1443 5072 naturamestterminus
1464 5015 1616 5072 unionist'b.
1634 5017 1717 5070 2*·-
1736 5019 1769 5070 54-
1808 5017 1860 5070 547
1878 5013 1908 5068 5*
1927 5045 1962 5056 --
1982 5017 2107 5070 Dominus
2124 5019 2266 5082 praecipue
2293 5019 2367 5070 Petro
2387 5031 2446 5070 con·

460 5103 512 5158 234
540 5103 569 5158 5*
595 5133 628 5142 -
656 5105 831 5174 Quocumque
858 5107 939 5160 modo
956 5105 1096 5160 emenardi
1133 5109 1193 5160 rina
1213 5111 1299 5172 potest
1316 5105 1372 5160 neri
1396 5109 1562 5172 suppositum
1581 5109 1711 5160 humanae
1730 5123 1771 5160 nn-
1808 5109 2038 5170 tulitputestatem
2062 5107 2090 5158 in
2114 5107 2226 5158 Ecclesia
2245 5107 2280 5160 iv
2300 5107 2349 5160 488
2373 5107 2447 5160 5-

459 5195 577 5258 procedit
595 5207 648 5246 una
668 5193 720 5246 sola
741 5193 1095 5260 personaliter-una
1133 5203 1206 5250 turae
1226 5197 1280 5250 sola
1301 5195 1425 5248 relatione
1448 5197 1578 5248 humanae
1605 5203 1710 5248 naturae
1738 5197 1771 5250 ad
1808 5199 1881 5250 Petro
1901 5195 1962 5248 5545
1982 5203 2021 5250 εει
2040 5199 2155 5260 potestas
2182 5195 2264 5248 clavis
2283 5199 2307 5248 45
2329 5211 2375 5250 555
2396 5199 2447 5262 ple-

458 5291 543 5348 potest
562 5283 668 5334 duobus
688 5283 773 5336 modis
792 5285 1026 5352 producerelltd
1040 5283 1095 5336 54
1132 5289 1218 5352 ipsam
1238 5283 1270 5338 45.
1291 5283 1319 5336 3*
1343 5311 1379 5322 --
1397 5285 1424 5336 45
1448 5285 1623 5336 incarnatione
1643 5299 1693 5338 554
1713 5299 1771 5338 con·
1808 5283 1977 5338 nitudinelV
2005 5283 2056 5334 489
2076 5279 2251 5334 3*-Ρειι’5
2282 5285 2358 5350 plene
2387 5285 2445 5338 data

458 5397 494 5412 -·
510 5385 562 5424 una
581 5377 666 5436 potest
686 5385 812 5436 generare
824 5379 849 5424 et
863 5375 961 5438 spirare
980 5375 989 5426 l
1003 5373 1096 5428 2345*
1133 5375 1246 5428 stituitur
1264 5387 1296 5424 ex
1316 5373 1420 5426 duabus
1433 5373 1539 5436 5545445,
1559 5373 1608 5426 545
1619 5373 1647 5424 94
1666 5375 1690 5424 45
1710 5373 1771 5426 dua·
1807 5379 1847 5426 est
1859 5377 1974 5438 potestas
1986 5373 2085 5424 ordinis
2098 5377 2122 5424 et
2135 5373 2320 5426 iurisdictionis
2333 5373 2365 5428 45.
2379 5389 2403 5438 5,
2417 5371 2446 5424 3*

510 5489 546 5498 -
565 5461 739 5512 Personarum
757 5463 886 5514 emanatio
911 5463 965 5514 sola
985 5463 1097 5516 estsine
1134 5463 1185 5516 bus
1212 5467 1239 5514 et
1262 5461 1312 5514 sub
1340 5461 1443 5516 duabus
1466 5463 1494 5514 lll
1513 5461 1564 5514 453
1583 5459 1665 5528 5,2*.
1685 5463 1770 5514 4555
1807 5491 1843 5506 -
1861 5461 1979 5514 Christus
1997 5459 2069 5514 dedit
2089 5461 2447 5526 Petroplenamiurisdictio·

459 5549 587 5612 principio
607 5555 632 5602 et
650 5549 727 5602 fruel
750 5553 759 5602 4
781 5551 801 5604 5
818 5577 855 5590 -··
874 5565 925 5604 non
950 5551 1041 5604 55455
1060 5553 1097 5604 ni·
1138 5549 1200 5606 Vter
1223 5551 1253 5604 V.
1272 5547 1395 5604 Cltrt'rim
1415 5547 1437 5604 5
1455 5557 1482 5604 et
1502 5549 1533 5602 V.
1553 5547 1628 5604 Unio.
1808 5565 1868 5602 nem
1886 5563 1968 5614 super
1989 5549 2130 5614 spiritualia
2152 5549 2184 5602 tv
2207 5549 2257 5602 852
2284 5565 2298 5604 5
2316 5579 2353 5590 -
2372 5553 2445 5604 Petro

459 5637 510 5688 5445
535 5649 583 5688 454
608 5637 636 5688 lit
665 5637 697 5688 de
725 5653 777 5690 555
803 5645 861 5704 ente
886 5655 933 5692 eus
952 5655 1000 5692 nce
1018 5639 1098 5692 445544
1189 5667 1224 5678 -
1244 5637 1382 5704 singularis
1400 5641 1546 5692 cstminus
1570 5637 1664 5688 nobilis
1690 5651 1770 5704 quam
1808 5639 1947 5692 commissa
1967 5641 2004 5690 est
2018 5637 2100 5690 claris
2111 5639 2184 5704 mgni
2198 5639 2331 5692 caelorum
2348 5639 2380 5692 tv
2395 5639 2444 5692 538

452 5725 558 5778 ,initium
579 5723 586 5774 l
607 5723 657 5774 485
678 5723 706 5776 2*
1134 5732 1186 5780 4545
1206 5733 1296 5780 554545
1316 5727 1333 5778 ll
1355 5719 1559 5790 4475455444
1576 5725 1653 5778 4235
1810 5741 1866 5794 arg.
1886 5729 1901 5780 3

511 5839 545 5850 --
566 5827 633 5878 queo
651 5813 770 5878 procedit
788 5817 813 5868 45
829 5813 933 5882 divinis,
948 5821 987 5868 est
1000 5817 1024 5867 45
1038 5815 1098 5868 sub·
1173 5843 1224 5856 1-
1237 5813 1374 5880 corruptio
1384 5815 1528 5880 personalis
1542 5817 1625 5880 potest
1643 5817 1709 5866 cilici
1730 5829 1770 5868 na·
1795 5817 1797 5820 '
1862 5817 2002 5868 95444454
2023 5845 2057 5856 -
2075 5817 2219 5882 aliquando
2238 5817 2333 5870 dicitur
2352 5817 2384 5870 de
2404 5831 2447 5882 ap·

371 5891 372 5894 ’
458 5901 551 5952 5455445
570 5903 663 5952 sitiatis
682 5909 705 5954 ct
724 5905 751 5954 45
770 5909 896 5970 potestate
916 5905 1031 5970 aequalis
1051 5917 1098 5956 uec
1136 5905 1239 5970 taralis,
1259 5905 1319 5968 quia
1340 5909 1476 5956 naturaei
1495 5917 1605 5968 persona
1628 5909 1688 5956 sunt
1706 5905 1772 5956 indi·
1809 5907 1932 5970 parentiis
1951 5909 1977 5958 ει
1988 5903 2132 5958 rationibus
2146 5903 2376 5972 fallacibusque
2389 5919 2446 5970 pos·

458 5995 551 6056 potens
580 6005 608 6042 sc
632 5991 705 6042 54ρι44
733 5993 857 6046 5555454
884 5991 934 6044 495
952 6007 1008 6058 arg.
1028 5995 1044 6044 2
1064 6021 1097 6030 -
1136 5993 1230 6042 445544
1250 5987 1350 6042 72444*
1809 5993 1942 6046 55549444
1964 5995 2075 6044 etiama
2104 5991 2238 6056 spiritibus
2255 5995 2274 6046 ll
2294 5995 2346 6048 499
2366 5991 2394 6046 2*
2412 6019 2447 6034 -

458 6081 548 6132 diviua
568 6095 619 6132 non
639 6089 678 6134 est
705 6083 747 6134 iic
773 6089 798 6134 ct
817 6097 900 6148 54454,
920 6081 966 6134 545
994 6093 1098 6156 semper
1190 6081 1365 6132 Paasrrcuuas
1386 6105 1424 6118 -
1448 6087 1488 6132 est
1505 6081 1635 6144 receptiva
1668 6081 1773 6132 45544545
1810 6085 1962 6146 pervertunt
1982 6081 2106 6134 iudicium
2125 6073 2232 6132 rationis
2250 6083 2259 6136 l
2280 6085 2312 6136 23
2334 6083 2359 6136 5.
2378 6083 2394 6132 3
2413 6111 2448 6122 -

458 6173 483 6220 et
503 6169 600 6234 ubique
620 6171 686 6222 sicut
704 6173 815 6224 essentia
836 6173 841 6222 ι
863 6171 914 6222 358
929 6171 945 6222 4.
965 6171 990 6222 3.
1004 6169 1055 6222 588
1070 6165 1098 6220 3*
1137 6167 1154 6220 ll
1175 6167 1225 6220 579
1246 6165 1282 6218 3*.
1308 6167 1340 6218 tv
1372 6167 1508 6218 i37a-
1538 6175 1575 6220 εει
1594 6169 1660 6222 45445
1685 6183 1769 6222 susee-
1811 6153 2002 6223 9555545554545
2023 6171 2177 6222 obnubilant
2196 6177 2310 6222 meatem
2324 6169 2447 6222 4445945

460 6259 603 6310 -divina
632 6265 670 6312 cst
698 6259 798 6328 ubique
823 6267 846 6312 ει
877 6263 1004 6312 immensa
1031 6261 1098 6312 sicut
1135 6261 1205 6322 ptira
1229 6255 1268 6306 vel
1287 6257 1365 6308 544545
1385 6257 1511 6308 retentiva
1530 6259 1549 6310 ll
1569 6255 1774 6310 3385-Ρε4-
1863 6259 1989 6310 Paeanem
2006 6285 2044 6296 --
2069 6259 2138 6312 Deus
2163 6259 2447 6324 immittebat'llagella

458 6349 606 6400 essentiali
627 6349 660 6398 99
681 6347 732 6398 to
1136 6349 1218 6398 444445
1237 6353 1274 6398 est
1304 6347 1452 6410 irupntcnria
1480 6345 1614 6398 resistendi
1633 6347 1666 6400 lV
1688 6345 1771 6398 4375
1810 6361 1857 6412 per
1875 6345 2089 6414 misericordiam,
2104 6347 2238 6400 excitando
2253 6347 2288 6400 ad
2300 6349 2447 6400 conversio.-

512 6463 546 6474 -
566 6435 844 6490 divinaeumnessunt
863 6437 1098 6490 5444444444285-
1133 6465 1171 6474 -
1190 6435 1320 6488 4444444455
1339 6441 1377 6486 εει
1396 6433 1512 6486 medinm
1532 6437 1605 6488 visus
1624 6435 1656 6488 tv
1679 6433 1771 6488 49495
1810 6451 1882 6502 nem,
1903 6435 2073 6488 subtrahebat
2101 6451 2130 6488 44
2160 6437 2247 6500 rigore
2271 6439 2397 6504 iustitiae,
2417 6437 2448 6488 si·

460 6525 1096 6578 5555554545454544545883*.444554*-45
1134 6525 1311 6578 -95444554
1331 6525 1521 6576 conterminat
1546 6517 1631 6576 visum
1651 6525 1683 6576 ll'
1703 6523 1772 6576 4925
1810 6525 1895 6578 55555
1914 6527 2002 6590 ipsum
2022 6525 2148 6578 obdurari
2168 6526 2185 6577 ll
2206 6525 2350 6592 852555.
2438 6571 2440 6574 .

459 6615 556 6666 5444545
574 6615 843 6676 personissummnm
862 6617 1095 6666 unionemetcon·
1136 6615 1152 6664 l.
1174 6613 1289 6678 4,5·--
1309 6613 1430 6666 94444545
1449 6611 1610 6666 illuminatur
1628 6599 1772 6678 turieppo·
1864 6615 2208 6678 Paruimus—discipulus
2237 6611 2376 6678 baptizarit
2405 6617 2446 6666 Sa·

457 6703 615 6754 venientium
644 6715 700 6760 esse
728 6717 835 6756 necesse
854 6712 893 6756 cst
913 6705 918 6752 i
941 6703 990 6752 498
1016 6699 1044 6752 4*
1064 6715 1097 6740 ’-
1136 6703 1213 6754 544545
1235 6703 1324 6754 44338
1346 6699 1365 6752 5
1388 6699 1772 6762 -94444545555545444454,
1810 6703 1950 6754 maritanas
1970 6701 2003 6754 ill
2023 6701 2056 6752 58
2076 6699 2114 6754 4*.
2133 6699 2184 6752 457
2204 6701 2255 6752 tt

458 6789 484 6840 45
505 6789 599 6840 divinis
619 6791 738 6854 personis
758 6799 795 6844 est
815 6793 876 6842 unio
896 6801 1098 6854 perconsonan·
1136 6791 1337 6852 superveniente
1358 6789 1573 6842 luminel11689
1593 6803 1607 6840 5
1625 6815 1662 6828 -
1675 6789 1773 6842 954445·
1863 6791 2028 6842 9555554455
2046 6819 2079 6828 -
2099 6789 2184 6842 nullus
2210 6791 2314 6846 tradidit
2333 6795 2447 6860 aliquam

459 6879 536 6942 tiam,
556 6877 582 6928 td
600 6883 640 6930 est
659 6893 708 6944 per
725 6879 851 6946 Spiritum
878 6881 997 6932 sanctum
1017 6879 1024 6928 l
1046 6873 1106 6930 552
1136 6881 1174 6928 455
1188 6891 1238 6930 555
1253 6883 1340 6930 455544
1353 6891 1413 6932 5554
1427 6877 1605 6944 magnitudine
1618 6877 1723 6928 ¹luminis
1739 6877 1772 6928 iv
1810 6877 1953 6930 doctrinam
1975 6879 2030 6930 sine
2048 6879 2205 6930 admixtione
2226 6879 2281 6934 ialsi
2301 6883 2329 6936 iil
2350 6871 2400 6936 482
2420 6879 2447 6934 4*
