<?xml version="1.0" encoding="UTF-8"?>
<!DOCTYPE html PUBLIC "-//W3C//DTD XHTML 1.0 Transitional//EN"
    "http://www.w3.org/TR/xhtml1/DTD/xhtml1-transitional.dtd">
<html xmlns="http://www.w3.org/1999/xhtml" xml:lang="en" lang="en">
 <head>
  <title>
</title>
<meta http-equiv="Content-Type" content="text/html;charset=utf-8" />
  <meta name='ocr-system' content='tesseract 3.04.00' />
  <meta name='ocr-capabilities' content='ocr_page ocr_carea ocr_par ocr_line ocrx_word'/>
</head>
<body>
  <div class='ocr_page' id='page_1' title='image "./doctorisseraphi00italgoog/doctorisseraphi00italgoog_0313.png"; bbox 0 0 5792 8392; ppageno 0'>
   <div class='ocr_carea' id='block_1_1' title="bbox 409 581 2402 1004">
    <p class='ocr_par' dir='ltr' id='par_1_1' title="bbox 410 581 2104 656">
     <span class='ocr_line' id='line_1_1' title="bbox 410 581 2104 656; baseline -0.005 -1"><span class='ocrx_word' id='word_1_1' title='bbox 410 585 473 656; x_wconf 84' lang='grc'>399</span> <span class='ocrx_word' id='word_1_2' title='bbox 1246 583 1361 650; x_wconf 87' lang='lat' dir='ltr'>INDEX</span> <span class='ocrx_word' id='word_1_3' title='bbox 1385 581 1576 650; x_wconf 85' lang='lat' dir='ltr'>SECUNDUS</span> <span class='ocrx_word' id='word_1_4' title='bbox 2103 615 2104 618; x_wconf 34' lang='lat'>¹</span> 
     </span>
    </p>

    <p class='ocr_par' dir='ltr' id='par_1_2' title="bbox 409 669 2402 1004">
     <span class='ocr_line' id='line_1_2' title="bbox 696 669 2122 738; baseline -0.003 -12"><span class='ocrx_word' id='word_1_5' title='bbox 696 675 758 726; x_wconf 76' lang='lat' dir='ltr'>1³th</span> <span class='ocrx_word' id='word_1_6' title='bbox 2057 669 2122 738; x_wconf 87' lang='lat' dir='ltr'>QUO</span> 
     </span>
     <span class='ocr_line' id='line_1_3' title="bbox 411 757 2402 828; baseline -0.004 -12"><span class='ocrx_word' id='word_1_7' title='bbox 411 765 425 816; x_wconf 93' lang='grc'>9</span> <span class='ocrx_word' id='word_1_8' title='bbox 443 789 479 804; x_wconf 86' lang='lat'>-·</span> <span class='ocrx_word' id='word_1_9' title='bbox 497 765 624 828; x_wconf 83' lang='lat' dir='ltr'>Sutragia</span> <span class='ocrx_word' id='word_1_10' title='bbox 645 761 774 816; x_wconf 80' lang='lat' dir='ltr'>Ecclesiae</span> <span class='ocrx_word' id='word_1_11' title='bbox 798 769 909 828; x_wconf 90' lang='lat' dir='ltr'>prosunt</span> <span class='ocrx_word' id='word_1_12' title='bbox 934 765 976 816; x_wconf 81' lang='lat' dir='ltr'>lais</span> <span class='ocrx_word' id='word_1_13' title='bbox 1001 761 1046 828; x_wconf 88' lang='lat' dir='ltr'>qui</span> <span class='ocrx_word' id='word_1_14' title='bbox 1087 760 1160 826; x_wconf 87' lang='lat' dir='ltr'>plura</span> <span class='ocrx_word' id='word_1_15' title='bbox 1173 759 1252 810; x_wconf 83' lang='lat' dir='ltr'>trahet</span> <span class='ocrx_word' id='word_1_16' title='bbox 1265 759 1389 822; x_wconf 80' lang='lat' dir='ltr'>sutfragia</span> <span class='ocrx_word' id='word_1_17' title='bbox 1400 759 1431 810; x_wconf 99' lang='grc' dir='ltr'><em>Ν</em></span> <span class='ocrx_word' id='word_1_18' title='bbox 1442 757 1493 810; x_wconf 88' lang='grc'>997</span> <span class='ocrx_word' id='word_1_19' title='bbox 1505 757 1533 810; x_wconf 90' lang='grc'>3*</span> <span class='ocrx_word' id='word_1_20' title='bbox 1547 757 1608 812; x_wconf 89' lang='lat' dir='ltr'>Vide</span> <span class='ocrx_word' id='word_1_21' title='bbox 1623 759 1652 810; x_wconf 91' lang='lat' dir='ltr'>V.</span> <span class='ocrx_word' id='word_1_22' title='bbox 1662 759 1724 814; x_wconf 81' lang='lat' dir='ltr'>Ani·</span> <span class='ocrx_word' id='word_1_23' title='bbox 1763 787 1796 798; x_wconf 87' lang='grc'>-</span> <span class='ocrx_word' id='word_1_24' title='bbox 1814 773 1863 814; x_wconf 89' lang='grc'>999</span> <span class='ocrx_word' id='word_1_25' title='bbox 1879 757 2402 822; x_wconf 72' lang='grc'>991999991199,9991999999999919999</span> 
     </span>
     <span class='ocr_line' id='line_1_4' title="bbox 410 845 2400 916; baseline -0.003 -12"><span class='ocrx_word' id='word_1_26' title='bbox 410 861 470 906; x_wconf 92' lang='lat' dir='ltr'>sunt</span> <span class='ocrx_word' id='word_1_27' title='bbox 492 853 518 902; x_wconf 94' lang='lat' dir='ltr'>in</span> <span class='ocrx_word' id='word_1_28' title='bbox 545 851 698 916; x_wconf 84' lang='lat' dir='ltr'>purgatorio</span> <span class='ocrx_word' id='word_1_29' title='bbox 723 847 755 902; x_wconf 86' lang='lat' dir='ltr'>io.</span> <span class='ocrx_word' id='word_1_30' title='bbox 776 865 831 916; x_wconf 81' lang='lat' dir='ltr'>arg.</span> <span class='ocrx_word' id='word_1_31' title='bbox 851 853 865 902; x_wconf 88' lang='grc'>9</span> <span class='ocrx_word' id='word_1_32' title='bbox 885 877 921 890; x_wconf 90' lang='grc'>-</span> <span class='ocrx_word' id='word_1_33' title='bbox 938 849 1048 902; x_wconf 84' lang='lat' dir='ltr'>Animae</span> <span class='ocrx_word' id='word_1_34' title='bbox 1086 845 1188 900; x_wconf 80' lang='lat' dir='ltr'>mre-itt</span> <span class='ocrx_word' id='word_1_35' title='bbox 1205 845 1365 914; x_wconf 73' lang='lat' dir='ltr'>palpatorio</span> <span class='ocrx_word' id='word_1_36' title='bbox 1386 845 1723 900; x_wconf 65' lang='lat' dir='ltr'>commodarenteis</span> <span class='ocrx_word' id='word_1_37' title='bbox 1763 849 1818 902; x_wconf 85' lang='lat' dir='ltr'>sive</span> <span class='ocrx_word' id='word_1_38' title='bbox 1845 847 1952 914; x_wconf 81' lang='lat' dir='ltr'>sequela</span> <span class='ocrx_word' id='word_1_39' title='bbox 1975 859 2007 898; x_wconf 87' lang='lat' dir='ltr'>ex</span> <span class='ocrx_word' id='word_1_40' title='bbox 2034 853 2142 908; x_wconf 89' lang='lat' dir='ltr'>peceato</span> <span class='ocrx_word' id='word_1_41' title='bbox 2160 845 2280 898; x_wconf 89' lang='lat' dir='ltr'>derelicta</span> <span class='ocrx_word' id='word_1_42' title='bbox 2301 845 2400 900; x_wconf 89' lang='grc'>111736</span> 
     </span>
     <span class='ocr_line' id='line_1_5' title="bbox 409 933 2401 1004; baseline -0.003 -14"><span class='ocrx_word' id='word_1_43' title='bbox 409 939 433 990; x_wconf 87' lang='grc'>99</span> <span class='ocrx_word' id='word_1_44' title='bbox 462 939 614 1004; x_wconf 81' lang='lat' dir='ltr'>purgatorio</span> <span class='ocrx_word' id='word_1_45' title='bbox 641 943 750 1002; x_wconf 87' lang='lat' dir='ltr'>possunt</span> <span class='ocrx_word' id='word_1_46' title='bbox 781 939 901 992; x_wconf 88' lang='lat' dir='ltr'>adiuvari</span> <span class='ocrx_word' id='word_1_47' title='bbox 928 935 964 990; x_wconf 91' lang='lat' dir='ltr'>ab</span> <span class='ocrx_word' id='word_1_48' title='bbox 990 937 1048 988; x_wconf 90' lang='lat' dir='ltr'>aliis</span> <span class='ocrx_word' id='word_1_49' title='bbox 1139 935 1246 986; x_wconf 81' lang='lat' dir='ltr'>Animae</span> <span class='ocrx_word' id='word_1_50' title='bbox 1266 947 1280 986; x_wconf 87' lang='lat' dir='ltr'>a</span> <span class='ocrx_word' id='word_1_51' title='bbox 1298 933 1452 998; x_wconf 81' lang='lat' dir='ltr'>purgatorio</span> <span class='ocrx_word' id='word_1_52' title='bbox 1470 933 1554 986; x_wconf 90' lang='lat' dir='ltr'>statim</span> <span class='ocrx_word' id='word_1_53' title='bbox 1570 933 1722 1002; x_wconf 77' lang='lat' dir='ltr'><strong>liberantur,</strong></span> <span class='ocrx_word' id='word_1_54' title='bbox 1763 935 1839 1002; x_wconf 87' lang='lat' dir='ltr'>bsq.</span> <span class='ocrx_word' id='word_1_55' title='bbox 1858 963 1892 972; x_wconf 99' lang='lat'>-</span> <span class='ocrx_word' id='word_1_56' title='bbox 1911 947 1963 988; x_wconf 89' lang='lat' dir='ltr'>non</span> <span class='ocrx_word' id='word_1_57' title='bbox 1988 937 2027 986; x_wconf 90' lang='lat' dir='ltr'>est</span> <span class='ocrx_word' id='word_1_58' title='bbox 2055 937 2193 998; x_wconf 88' lang='lat' dir='ltr'>peccatum</span> <span class='ocrx_word' id='word_1_59' title='bbox 2220 933 2247 984; x_wconf 93' lang='lat' dir='ltr'>in</span> <span class='ocrx_word' id='word_1_60' title='bbox 2276 933 2401 998; x_wconf 87' lang='lat' dir='ltr'>Spiritum</span> 
     </span>
    </p>
   </div>
   <div class='ocr_carea' id='block_1_2' title="bbox 306 1019 2039 1092">
    <p class='ocr_par' dir='ltr' id='par_1_3' title="bbox 306 1019 2039 1092">
     <span class='ocr_line' id='line_1_6' title="bbox 306 1019 2039 1092; baseline -0.005 -11"><span class='ocrx_word' id='word_1_61' title='bbox 306 1049 309 1054; x_wconf 91' lang='lat'>·</span> <span class='ocrx_word' id='word_1_62' title='bbox 409 1027 536 1080; x_wconf 89' lang='lat' dir='ltr'>membris</span> <span class='ocrx_word' id='word_1_63' title='bbox 559 1027 687 1080; x_wconf 78' lang='lat' dir='ltr'>Ecclesiae</span> <span class='ocrx_word' id='word_1_64' title='bbox 713 1027 745 1080; x_wconf 96' lang='grc' dir='ltr'><em>Ν</em></span> <span class='ocrx_word' id='word_1_65' title='bbox 765 1025 815 1080; x_wconf 87' lang='grc'>919</span> <span class='ocrx_word' id='word_1_66' title='bbox 837 1041 865 1092; x_wconf 89' lang='lat' dir='ltr'>a,</span> <span class='ocrx_word' id='word_1_67' title='bbox 885 1025 915 1078; x_wconf 89' lang='grc'>9*</span> <span class='ocrx_word' id='word_1_68' title='bbox 932 1053 970 1062; x_wconf 99' lang='grc'>-</span> <span class='ocrx_word' id='word_1_69' title='bbox 986 1027 1047 1076; x_wconf 84' lang='lat' dir='ltr'>Ani·</span> <span class='ocrx_word' id='word_1_70' title='bbox 1086 1023 1169 1076; x_wconf 91' lang='lat' dir='ltr'>soluto</span> <span class='ocrx_word' id='word_1_71' title='bbox 1188 1031 1262 1076; x_wconf 89' lang='lat' dir='ltr'>reatu</span> <span class='ocrx_word' id='word_1_72' title='bbox 1280 1035 1381 1086; x_wconf 91' lang='lat' dir='ltr'>poenae</span> <span class='ocrx_word' id='word_1_73' title='bbox 1400 1021 1432 1074; x_wconf 97' lang='grc' dir='ltr'><em>Ν</em></span> <span class='ocrx_word' id='word_1_74' title='bbox 1454 1021 1505 1074; x_wconf 91' lang='grc'>557</span> <span class='ocrx_word' id='word_1_75' title='bbox 1525 1021 1576 1074; x_wconf 83' lang='grc'>99</span> <span class='ocrx_word' id='word_1_76' title='bbox 1763 1029 1881 1074; x_wconf 87' lang='lat' dir='ltr'>sanctum</span> <span class='ocrx_word' id='word_1_77' title='bbox 1902 1023 1920 1074; x_wconf 96' lang='lat' dir='ltr'>ll</span> <span class='ocrx_word' id='word_1_78' title='bbox 1941 1021 1992 1074; x_wconf 92' lang='grc'>995</span> <span class='ocrx_word' id='word_1_79' title='bbox 2014 1019 2039 1072; x_wconf 85' lang='grc'>1*</span> 
     </span>
    </p>
   </div>
   <div class='ocr_carea' id='block_1_3' title="bbox 409 1107 2401 1356">
    <p class='ocr_par' dir='ltr' id='par_1_4' title="bbox 409 1107 2401 1356">
     <span class='ocr_line' id='line_1_7' title="bbox 409 1107 2401 1180; baseline -0.004 -12"><span class='ocrx_word' id='word_1_80' title='bbox 409 1127 468 1168; x_wconf 90' lang='lat' dir='ltr'>mae</span> <span class='ocrx_word' id='word_1_81' title='bbox 486 1115 510 1166; x_wconf 95' lang='lat' dir='ltr'>ln</span> <span class='ocrx_word' id='word_1_82' title='bbox 531 1117 682 1180; x_wconf 82' lang='lat' dir='ltr'>purgatorio</span> <span class='ocrx_word' id='word_1_83' title='bbox 695 1117 819 1168; x_wconf 90' lang='lat' dir='ltr'>iuvantur</span> <span class='ocrx_word' id='word_1_84' title='bbox 832 1113 977 1176; x_wconf 77' lang='lat' dir='ltr'>suffragiis,</span> <span class='ocrx_word' id='word_1_85' title='bbox 990 1111 1044 1164; x_wconf 90' lang='lat' dir='ltr'>Deo</span> <span class='ocrx_word' id='word_1_86' title='bbox 1139 1111 1295 1164; x_wconf 83' lang='lat' dir='ltr'>Puntstcnnto</span> <span class='ocrx_word' id='word_1_87' title='bbox 1313 1137 1349 1150; x_wconf 88' lang='lat'>-·-</span> <span class='ocrx_word' id='word_1_88' title='bbox 1367 1109 1466 1162; x_wconf 91' lang='lat' dir='ltr'>Vinum</span> <span class='ocrx_word' id='word_1_89' title='bbox 1484 1115 1599 1164; x_wconf 87' lang='lat' dir='ltr'>sumtum</span> <span class='ocrx_word' id='word_1_90' title='bbox 1619 1111 1654 1164; x_wconf 88' lang='lat' dir='ltr'>ad</span> <span class='ocrx_word' id='word_1_91' title='bbox 1673 1123 1724 1174; x_wconf 87' lang='lat' dir='ltr'>pu·</span> <span class='ocrx_word' id='word_1_92' title='bbox 1814 1137 1849 1150; x_wconf 93' lang='lat'>-·</span> <span class='ocrx_word' id='word_1_93' title='bbox 1868 1107 1962 1162; x_wconf 80' lang='lat' dir='ltr'>Contra</span> <span class='ocrx_word' id='word_1_94' title='bbox 1981 1109 2216 1174; x_wconf 76' lang='lat' dir='ltr'>pusillanimitatem</span> <span class='ocrx_word' id='word_1_95' title='bbox 2236 1115 2274 1162; x_wconf 93' lang='lat' dir='ltr'>est</span> <span class='ocrx_word' id='word_1_96' title='bbox 2301 1109 2401 1164; x_wconf 90' lang='lat' dir='ltr'>donum</span> 
     </span>
     <span class='ocr_line' id='line_1_8' title="bbox 409 1197 2187 1268; baseline -0.003 -14"><span class='ocrx_word' id='word_1_97' title='bbox 409 1207 558 1266; x_wconf 79' lang='lat' dir='ltr'>acceptante</span> <span class='ocrx_word' id='word_1_98' title='bbox 575 1209 603 1256; x_wconf 91' lang='lat' dir='ltr'>ct</span> <span class='ocrx_word' id='word_1_99' title='bbox 620 1215 652 1254; x_wconf 89' lang='lat' dir='ltr'>ex</span> <span class='ocrx_word' id='word_1_100' title='bbox 670 1205 720 1256; x_wconf 81' lang='lat' dir='ltr'>lanc</span> <span class='ocrx_word' id='word_1_101' title='bbox 738 1205 777 1256; x_wconf 88' lang='lat' dir='ltr'>eis</span> <span class='ocrx_word' id='word_1_102' title='bbox 795 1207 918 1268; x_wconf 77' lang='lat' dir='ltr'>parcente</span> <span class='ocrx_word' id='word_1_103' title='bbox 941 1199 974 1252; x_wconf 96' lang='grc' dir='ltr'><em>Ν</em></span> <span class='ocrx_word' id='word_1_104' title='bbox 993 1197 1046 1250; x_wconf 84' lang='grc'>995</span> <span class='ocrx_word' id='word_1_105' title='bbox 1085 1197 1254 1252; x_wconf 81' lang='lat' dir='ltr'>dicationem</span> <span class='ocrx_word' id='word_1_106' title='bbox 1274 1197 1350 1250; x_wconf 91' lang='lat' dir='ltr'>solvit</span> <span class='ocrx_word' id='word_1_107' title='bbox 1366 1199 1491 1250; x_wconf 90' lang='lat' dir='ltr'>ieiunium</span> <span class='ocrx_word' id='word_1_108' title='bbox 1513 1197 1544 1250; x_wconf 94' lang='grc' dir='ltr'><em>Ν</em></span> <span class='ocrx_word' id='word_1_109' title='bbox 1565 1197 1615 1250; x_wconf 86' lang='grc'>975</span> <span class='ocrx_word' id='word_1_110' title='bbox 1636 1199 1722 1264; x_wconf 84' lang='lat' dir='ltr'>arg.3</span> <span class='ocrx_word' id='word_1_111' title='bbox 1761 1197 1916 1252; x_wconf 87' lang='lat' dir='ltr'>tortitudinis</span> <span class='ocrx_word' id='word_1_112' title='bbox 1935 1197 2034 1250; x_wconf 88' lang='grc'>111736</span> <span class='ocrx_word' id='word_1_113' title='bbox 2055 1197 2082 1250; x_wconf 91' lang='lat' dir='ltr'>b.</span> <span class='ocrx_word' id='word_1_114' title='bbox 2099 1197 2153 1248; x_wconf 85' lang='grc'>795</span> <span class='ocrx_word' id='word_1_115' title='bbox 2172 1211 2187 1248; x_wconf 90' lang='grc'>9</span> 
     </span>
     <span class='ocr_line' id='line_1_9' title="bbox 410 1285 2396 1356; baseline -0.002 -14"><span class='ocrx_word' id='word_1_116' title='bbox 410 1289 426 1342; x_wconf 92' lang='lat' dir='ltr'>b</span> <span class='ocrx_word' id='word_1_117' title='bbox 443 1317 480 1328; x_wconf 99' lang='lat'>-</span> <span class='ocrx_word' id='word_1_118' title='bbox 497 1289 607 1344; x_wconf 80' lang='lat' dir='ltr'>Animae</span> <span class='ocrx_word' id='word_1_119' title='bbox 624 1293 651 1344; x_wconf 92' lang='lat' dir='ltr'>in</span> <span class='ocrx_word' id='word_1_120' title='bbox 671 1291 822 1356; x_wconf 84' lang='lat' dir='ltr'>purgatorio</span> <span class='ocrx_word' id='word_1_121' title='bbox 843 1293 951 1354; x_wconf 78' lang='lat' dir='ltr'>possunt</span> <span class='ocrx_word' id='word_1_122' title='bbox 975 1287 1047 1340; x_wconf 91' lang='lat' dir='ltr'>adiu·</span> <span class='ocrx_word' id='word_1_123' title='bbox 1139 1285 1590 1340; x_wconf 80' lang='grc'>9991999-(1999199199991199991</span> <span class='ocrx_word' id='word_1_124' title='bbox 1604 1285 1639 1340; x_wconf 87' lang='lat' dir='ltr'>ab</span> <span class='ocrx_word' id='word_1_125' title='bbox 1652 1289 1722 1338; x_wconf 90' lang='lat' dir='ltr'>omni</span> <span class='ocrx_word' id='word_1_126' title='bbox 1814 1313 1848 1326; x_wconf 88' lang='grc'><strong>-</strong></span> <span class='ocrx_word' id='word_1_127' title='bbox 1867 1299 1917 1338; x_wconf 87' lang='grc'>999</span> <span class='ocrx_word' id='word_1_128' title='bbox 1937 1292 1976 1338; x_wconf 91' lang='grc'>991</span> <span class='ocrx_word' id='word_1_129' title='bbox 1994 1287 2118 1338; x_wconf 82' lang='grc'>9199991199</span> <span class='ocrx_word' id='word_1_130' title='bbox 2138 1287 2184 1338; x_wconf 88' lang='grc'>9991</span> <span class='ocrx_word' id='word_1_131' title='bbox 2200 1289 2226 1338; x_wconf 92' lang='grc'>91</span> <span class='ocrx_word' id='word_1_132' title='bbox 2240 1299 2325 1350; x_wconf 88' lang='lat' dir='ltr'>poena</span> <span class='ocrx_word' id='word_1_133' title='bbox 2339 1293 2396 1338; x_wconf 89' lang='lat' dir='ltr'>aeta</span> 
     </span>
    </p>
   </div>
   <div class='ocr_carea' id='block_1_4' title="bbox 409 1371 2352 1532">
    <p class='ocr_par' dir='ltr' id='par_1_5' title="bbox 409 1371 2352 1532">
     <span class='ocr_line' id='line_1_10' title="bbox 409 1371 1948 1444; baseline -0.003 -16"><span class='ocrx_word' id='word_1_134' title='bbox 409 1379 464 1430; x_wconf 82' lang='lat' dir='ltr'>vari</span> <span class='ocrx_word' id='word_1_135' title='bbox 489 1383 615 1444; x_wconf 89' lang='lat' dir='ltr'>potestate</span> <span class='ocrx_word' id='word_1_136' title='bbox 632 1379 777 1444; x_wconf 87' lang='lat' dir='ltr'>Ecclesiae,</span> <span class='ocrx_word' id='word_1_137' title='bbox 797 1377 867 1444; x_wconf 90' lang='lat' dir='ltr'>quia,</span> <span class='ocrx_word' id='word_1_138' title='bbox 887 1377 951 1428; x_wconf 89' lang='lat' dir='ltr'>dum</span> <span class='ocrx_word' id='word_1_139' title='bbox 973 1377 1047 1428; x_wconf 88' lang='lat' dir='ltr'>vive·</span> <span class='ocrx_word' id='word_1_140' title='bbox 1085 1375 1184 1428; x_wconf 91' lang='lat' dir='ltr'>macula</span> <span class='ocrx_word' id='word_1_141' title='bbox 1206 1375 1238 1428; x_wconf 96' lang='grc' dir='ltr'><em>Ν</em></span> <span class='ocrx_word' id='word_1_142' title='bbox 1258 1375 1307 1426; x_wconf 93' lang='grc'>379</span> <span class='ocrx_word' id='word_1_143' title='bbox 1330 1375 1355 1428; x_wconf 92' lang='lat' dir='ltr'>d.</span> <span class='ocrx_word' id='word_1_144' title='bbox 1376 1375 1410 1426; x_wconf 92' lang='grc'>99</span> <span class='ocrx_word' id='word_1_145' title='bbox 1761 1375 1794 1428; x_wconf 97' lang='grc' dir='ltr'><em>Ν</em></span> <span class='ocrx_word' id='word_1_146' title='bbox 1816 1371 1865 1424; x_wconf 90' lang='grc'>977</span> <span class='ocrx_word' id='word_1_147' title='bbox 1886 1373 1948 1424; x_wconf 90' lang='grc'>(9.6</span> 
     </span>
     <span class='ocr_line' id='line_1_11' title="bbox 409 1459 2352 1532; baseline -0.003 -14"><span class='ocrx_word' id='word_1_148' title='bbox 409 1473 479 1532; x_wconf 89' lang='lat' dir='ltr'>rent,</span> <span class='ocrx_word' id='word_1_149' title='bbox 497 1467 549 1520; x_wconf 88' lang='lat' dir='ltr'>boc</span> <span class='ocrx_word' id='word_1_150' title='bbox 566 1473 720 1520; x_wconf 82' lang='lat' dir='ltr'>mernerunt</span> <span class='ocrx_word' id='word_1_151' title='bbox 738 1467 773 1518; x_wconf 96' lang='grc' dir='ltr'><em>Ν</em></span> <span class='ocrx_word' id='word_1_152' title='bbox 792 1465 843 1518; x_wconf 91' lang='grc'>539</span> <span class='ocrx_word' id='word_1_153' title='bbox 857 1479 885 1530; x_wconf 90' lang='grc'>9,</span> <span class='ocrx_word' id='word_1_154' title='bbox 901 1461 927 1516; x_wconf 91' lang='grc'>9*</span> <span class='ocrx_word' id='word_1_155' title='bbox 939 1489 977 1502; x_wconf 85' lang='lat'>-·-</span> <span class='ocrx_word' id='word_1_156' title='bbox 988 1465 1047 1514; x_wconf 81' lang='grc' dir='ltr'>991Ι</span> <span class='ocrx_word' id='word_1_157' title='bbox 1137 1465 1340 1516; x_wconf 83' lang='lat' dir='ltr'>Pustuunnrutrts</span> <span class='ocrx_word' id='word_1_158' title='bbox 1352 1491 1386 1500; x_wconf 99' lang='lat'>-</span> <span class='ocrx_word' id='word_1_159' title='bbox 1400 1461 1538 1514; x_wconf 89' lang='lat' dir='ltr'>attenditur</span> <span class='ocrx_word' id='word_1_160' title='bbox 1549 1463 1617 1516; x_wconf 89' lang='lat' dir='ltr'>circa</span> <span class='ocrx_word' id='word_1_161' title='bbox 1632 1463 1721 1528; x_wconf 80' lang='lat' dir='ltr'>lugam</span> <span class='ocrx_word' id='word_1_162' title='bbox 1814 1489 1849 1502; x_wconf 85' lang='lat'>-·</span> <span class='ocrx_word' id='word_1_163' title='bbox 1868 1473 1919 1514; x_wconf 90' lang='lat' dir='ltr'>non</span> <span class='ocrx_word' id='word_1_164' title='bbox 1938 1461 1985 1512; x_wconf 90' lang='lat' dir='ltr'>init</span> <span class='ocrx_word' id='word_1_165' title='bbox 2006 1461 2031 1512; x_wconf 94' lang='lat' dir='ltr'>in</span> <span class='ocrx_word' id='word_1_166' title='bbox 2049 1459 2152 1514; x_wconf 87' lang='lat' dir='ltr'>Christo</span> <span class='ocrx_word' id='word_1_167' title='bbox 2170 1461 2200 1512; x_wconf 96' lang='lat' dir='ltr'>lll</span> <span class='ocrx_word' id='word_1_168' title='bbox 2219 1461 2271 1512; x_wconf 91' lang='grc'>369</span> <span class='ocrx_word' id='word_1_169' title='bbox 2290 1461 2318 1514; x_wconf 93' lang='lat' dir='ltr'>d.</span> <span class='ocrx_word' id='word_1_170' title='bbox 2337 1463 2352 1512; x_wconf 97' lang='grc'>9</span> 
     </span>
    </p>
   </div>
   <div class='ocr_carea' id='block_1_5' title="bbox 408 1549 2496 1620">
    <p class='ocr_par' dir='ltr' id='par_1_6' title="bbox 408 1549 2496 1620">
     <span class='ocr_line' id='line_1_12' title="bbox 408 1549 2496 1620; baseline -0.003 -14"><span class='ocrx_word' id='word_1_171' title='bbox 408 1567 467 1606; x_wconf 90' lang='lat' dir='ltr'>mae</span> <span class='ocrx_word' id='word_1_172' title='bbox 485 1557 509 1608; x_wconf 93' lang='lat' dir='ltr'>in</span> <span class='ocrx_word' id='word_1_173' title='bbox 536 1557 686 1620; x_wconf 82' lang='lat' dir='ltr'>purgatorio</span> <span class='ocrx_word' id='word_1_174' title='bbox 713 1557 822 1618; x_wconf 88' lang='lat' dir='ltr'>possunt</span> <span class='ocrx_word' id='word_1_175' title='bbox 846 1551 1047 1604; x_wconf 87' lang='lat' dir='ltr'>relaxationibus</span> <span class='ocrx_word' id='word_1_176' title='bbox 1086 1553 1236 1618; x_wconf 85' lang='lat' dir='ltr'>passionum</span> <span class='ocrx_word' id='word_1_177' title='bbox 1256 1551 1285 1602; x_wconf 94' lang='grc'>111</span> <span class='ocrx_word' id='word_1_178' title='bbox 1301 1551 1355 1602; x_wconf 88' lang='grc'>789</span> <span class='ocrx_word' id='word_1_179' title='bbox 1375 1551 1392 1602; x_wconf 95' lang='grc'>9.</span> <span class='ocrx_word' id='word_1_180' title='bbox 1412 1551 1426 1602; x_wconf 90' lang='grc'>3</span> <span class='ocrx_word' id='word_1_181' title='bbox 1446 1577 1482 1590; x_wconf 85' lang='grc'><strong>-</strong></span> <span class='ocrx_word' id='word_1_182' title='bbox 1499 1551 1642 1616; x_wconf 89' lang='lat' dir='ltr'>opponitur</span> <span class='ocrx_word' id='word_1_183' title='bbox 1654 1551 1724 1602; x_wconf 91' lang='lat' dir='ltr'>lorti·</span> <span class='ocrx_word' id='word_1_184' title='bbox 1814 1549 2402 1614; x_wconf 75' lang='grc'>9999999999-9999999911999919999·</span> <span class='ocrx_word' id='word_1_185' title='bbox 2495 1583 2496 1586; x_wconf 63' lang='lat'>,</span> 
     </span>
    </p>
   </div>
   <div class='ocr_carea' id='block_1_6' title="bbox 407 1635 2400 2148">
    <p class='ocr_par' dir='ltr' id='par_1_7' title="bbox 409 1635 2400 1710">
     <span class='ocr_line' id='line_1_13' title="bbox 409 1635 2400 1710; baseline -0.002 -16"><span class='ocrx_word' id='word_1_186' title='bbox 409 1641 542 1710; x_wconf 89' lang='lat' dir='ltr'>adiuvari,</span> <span class='ocrx_word' id='word_1_187' title='bbox 563 1657 614 1694; x_wconf 92' lang='lat' dir='ltr'>non</span> <span class='ocrx_word' id='word_1_188' title='bbox 636 1655 684 1706; x_wconf 83' lang='grc'>999</span> <span class='ocrx_word' id='word_1_189' title='bbox 707 1641 815 1692; x_wconf 89' lang='lat' dir='ltr'>modum</span> <span class='ocrx_word' id='word_1_190' title='bbox 836 1639 986 1692; x_wconf 91' lang='lat' dir='ltr'>iudiciariae</span> <span class='ocrx_word' id='word_1_191' title='bbox 1003 1639 1047 1692; x_wconf 88' lang='lat' dir='ltr'>ab·</span> <span class='ocrx_word' id='word_1_192' title='bbox 1085 1639 1272 1692; x_wconf 82' lang='grc'>1999999971</span> <span class='ocrx_word' id='word_1_193' title='bbox 1296 1637 1323 1692; x_wconf 90' lang='lat' dir='ltr'>b.</span> <span class='ocrx_word' id='word_1_194' title='bbox 1344 1639 1370 1692; x_wconf 94' lang='grc'>111</span> <span class='ocrx_word' id='word_1_195' title='bbox 1391 1639 1442 1690; x_wconf 87' lang='grc'>789</span> <span class='ocrx_word' id='word_1_196' title='bbox 1463 1641 1480 1692; x_wconf 90' lang='grc'>9.</span> <span class='ocrx_word' id='word_1_197' title='bbox 1499 1641 1515 1692; x_wconf 90' lang='grc'>3</span> <span class='ocrx_word' id='word_1_198' title='bbox 1538 1637 1599 1692; x_wconf 83' lang='lat' dir='ltr'>Vide</span> <span class='ocrx_word' id='word_1_199' title='bbox 1622 1639 1650 1692; x_wconf 90' lang='lat' dir='ltr'>V.</span> <span class='ocrx_word' id='word_1_200' title='bbox 1669 1639 1723 1692; x_wconf 84' lang='lat' dir='ltr'>Au·</span> <span class='ocrx_word' id='word_1_201' title='bbox 1761 1637 1844 1690; x_wconf 89' lang='lat' dir='ltr'>ctione</span> <span class='ocrx_word' id='word_1_202' title='bbox 1861 1635 1897 1690; x_wconf 91' lang='lat' dir='ltr'>ad</span> <span class='ocrx_word' id='word_1_203' title='bbox 1914 1641 2019 1702; x_wconf 89' lang='lat' dir='ltr'>tempus</span> <span class='ocrx_word' id='word_1_204' title='bbox 2036 1642 2124 1704; x_wconf 91' lang='lat' dir='ltr'>potest</span> <span class='ocrx_word' id='word_1_205' title='bbox 2142 1651 2200 1690; x_wconf 92' lang='grc'>9999</span> <span class='ocrx_word' id='word_1_206' title='bbox 2218 1651 2232 1688; x_wconf 90' lang='grc'>9</span> <span class='ocrx_word' id='word_1_207' title='bbox 2247 1639 2343 1690; x_wconf 82' lang='grc'>9991919</span> <span class='ocrx_word' id='word_1_208' title='bbox 2356 1649 2400 1690; x_wconf 89' lang='lat' dir='ltr'>aa·</span> 
     </span>
    </p>

    <p class='ocr_par' dir='ltr' id='par_1_8' title="bbox 408 1723 2399 1796">
     <span class='ocr_line' id='line_1_14' title="bbox 408 1723 2399 1796; baseline -0.003 -14"><span class='ocrx_word' id='word_1_209' title='bbox 408 1731 555 1796; x_wconf 77' lang='lat' dir='ltr'>solatiante,</span> <span class='ocrx_word' id='word_1_210' title='bbox 584 1729 630 1782; x_wconf 90' lang='lat' dir='ltr'>sed</span> <span class='ocrx_word' id='word_1_211' title='bbox 660 1723 776 1794; x_wconf 78' lang='lat' dir='ltr'>suffragii</span> <span class='ocrx_word' id='word_1_212' title='bbox 804 1729 839 1780; x_wconf 96' lang='grc' dir='ltr'><em>Ν</em></span> <span class='ocrx_word' id='word_1_213' title='bbox 866 1729 918 1782; x_wconf 91' lang='grc'>538</span> <span class='ocrx_word' id='word_1_214' title='bbox 947 1727 965 1782; x_wconf 94' lang='lat' dir='ltr'>b</span> <span class='ocrx_word' id='word_1_215' title='bbox 990 1741 1046 1794; x_wconf 72' lang='grc'>919,</span> <span class='ocrx_word' id='word_1_216' title='bbox 1085 1725 1172 1782; x_wconf 87' lang='lat' dir='ltr'>decta.</span> <span class='ocrx_word' id='word_1_217' title='bbox 1761 1723 1986 1780; x_wconf 80' lang='grc'>1999119799.</span> <span class='ocrx_word' id='word_1_218' title='bbox 2010 1725 2079 1778; x_wconf 84' lang='lat' dir='ltr'>l—</span> <span class='ocrx_word' id='word_1_219' title='bbox 2096 1725 2399 1788; x_wconf 82' lang='lat' dir='ltr'>ordinaturadgcnera·</span> 
     </span>
    </p>

    <p class='ocr_par' dir='ltr' id='par_1_9' title="bbox 410 1811 2400 1970">
     <span class='ocr_line' id='line_1_15' title="bbox 410 1811 2400 1884; baseline -0.002 -14"><span class='ocrx_word' id='word_1_220' title='bbox 410 1815 450 1884; x_wconf 85' lang='grc'>3*,</span> <span class='ocrx_word' id='word_1_221' title='bbox 476 1817 502 1870; x_wconf 89' lang='grc'>9*</span> <span class='ocrx_word' id='word_1_222' title='bbox 1136 1843 1171 1854; x_wconf 91' lang='grc'><strong>-</strong></span> <span class='ocrx_word' id='word_1_223' title='bbox 1191 1815 1283 1868; x_wconf 87' lang='lat' dir='ltr'>Timor</span> <span class='ocrx_word' id='word_1_224' title='bbox 1299 1815 1518 1880; x_wconf 89' lang='lat' dir='ltr'>pusillanimitatis</span> <span class='ocrx_word' id='word_1_225' title='bbox 1542 1821 1582 1868; x_wconf 92' lang='lat' dir='ltr'>est</span> <span class='ocrx_word' id='word_1_226' title='bbox 1599 1827 1630 1866; x_wconf 87' lang='lat' dir='ltr'>ex</span> <span class='ocrx_word' id='word_1_227' title='bbox 1656 1815 1722 1866; x_wconf 92' lang='lat' dir='ltr'>dei·</span> <span class='ocrx_word' id='word_1_228' title='bbox 1761 1815 1856 1868; x_wconf 89' lang='lat' dir='ltr'>tionem</span> <span class='ocrx_word' id='word_1_229' title='bbox 1875 1815 1973 1866; x_wconf 87' lang='lat' dir='ltr'>vermis</span> <span class='ocrx_word' id='word_1_230' title='bbox 1991 1815 2025 1868; x_wconf 94' lang='grc' dir='ltr'><em>Ν</em></span> <span class='ocrx_word' id='word_1_231' title='bbox 2044 1813 2097 1868; x_wconf 88' lang='grc'>975</span> <span class='ocrx_word' id='word_1_232' title='bbox 2119 1815 2137 1868; x_wconf 90' lang='lat' dir='ltr'>l.</span> <span class='ocrx_word' id='word_1_233' title='bbox 2155 1815 2169 1866; x_wconf 88' lang='lat'><strong>3</strong></span> <span class='ocrx_word' id='word_1_234' title='bbox 2195 1811 2256 1868; x_wconf 84' lang='lat' dir='ltr'>Vide</span> <span class='ocrx_word' id='word_1_235' title='bbox 2274 1813 2302 1866; x_wconf 91' lang='lat' dir='ltr'>V.</span> <span class='ocrx_word' id='word_1_236' title='bbox 2319 1813 2400 1868; x_wconf 86' lang='lat' dir='ltr'>Gene-</span> 
     </span>
     <span class='ocr_line' id='line_1_16' title="bbox 459 1899 1902 1970; baseline 0 -14"><span class='ocrx_word' id='word_1_237' title='bbox 459 1929 494 1944; x_wconf 82' lang='lat'><em>-</em></span> <span class='ocrx_word' id='word_1_238' title='bbox 511 1905 603 1958; x_wconf 88' lang='lat' dir='ltr'>Nullus</span> <span class='ocrx_word' id='word_1_239' title='bbox 620 1905 744 1958; x_wconf 90' lang='lat' dir='ltr'>liberatur</span> <span class='ocrx_word' id='word_1_240' title='bbox 763 1919 779 1956; x_wconf 90' lang='lat' dir='ltr'>a</span> <span class='ocrx_word' id='word_1_241' title='bbox 804 1905 972 1970; x_wconf 79' lang='lat' dir='ltr'>purgatorio,</span> <span class='ocrx_word' id='word_1_242' title='bbox 996 1905 1047 1958; x_wconf 90' lang='lat' dir='ltr'>nisi</span> <span class='ocrx_word' id='word_1_243' title='bbox 1085 1911 1125 1958; x_wconf 92' lang='lat' dir='ltr'>ctu</span> <span class='ocrx_word' id='word_1_244' title='bbox 1146 1905 1290 1958; x_wconf 78' lang='lat' dir='ltr'>securitatis</span> <span class='ocrx_word' id='word_1_245' title='bbox 1307 1905 1336 1956; x_wconf 96' lang='lat' dir='ltr'>lll</span> <span class='ocrx_word' id='word_1_246' title='bbox 1355 1905 1407 1956; x_wconf 85' lang='lat'>360</span> <span class='ocrx_word' id='word_1_247' title='bbox 1424 1903 1453 1956; x_wconf 91' lang='lat' dir='ltr'>d.</span> <span class='ocrx_word' id='word_1_248' title='bbox 1472 1905 1486 1956; x_wconf 89' lang='grc'>9</span> <span class='ocrx_word' id='word_1_249' title='bbox 1595 1917 1596 1920; x_wconf 67' lang='grc'>’</span> <span class='ocrx_word' id='word_1_250' title='bbox 1760 1899 1902 1956; x_wconf 77' lang='grc'>91111995.</span> 
     </span>
    </p>

    <p class='ocr_par' dir='ltr' id='par_1_10' title="bbox 407 1991 2396 2060">
     <span class='ocr_line' id='line_1_17' title="bbox 407 1991 2396 2060; baseline -0.002 -14"><span class='ocrx_word' id='word_1_251' title='bbox 407 1999 457 2046; x_wconf 86' lang='grc'>1919</span> <span class='ocrx_word' id='word_1_252' title='bbox 479 2007 561 2060; x_wconf 90' lang='lat' dir='ltr'>poena</span> <span class='ocrx_word' id='word_1_253' title='bbox 581 1995 664 2046; x_wconf 92' lang='lat' dir='ltr'>soluta</span> <span class='ocrx_word' id='word_1_254' title='bbox 683 2001 729 2046; x_wconf 91' lang='lat' dir='ltr'>ant</span> <span class='ocrx_word' id='word_1_255' title='bbox 746 2007 795 2058; x_wconf 88' lang='lat' dir='ltr'>per</span> <span class='ocrx_word' id='word_1_256' title='bbox 812 2007 850 2060; x_wconf 91' lang='lat' dir='ltr'>se,</span> <span class='ocrx_word' id='word_1_257' title='bbox 872 2003 918 2046; x_wconf 90' lang='grc'>991</span> <span class='ocrx_word' id='word_1_258' title='bbox 935 1991 971 2046; x_wconf 88' lang='lat' dir='ltr'>ab</span> <span class='ocrx_word' id='word_1_259' title='bbox 989 1993 1047 2046; x_wconf 91' lang='lat' dir='ltr'>aliis</span> <span class='ocrx_word' id='word_1_260' title='bbox 1136 2019 1173 2032; x_wconf 91' lang='lat'>·-</span> <span class='ocrx_word' id='word_1_261' title='bbox 1190 1999 1230 2046; x_wconf 90' lang='lat' dir='ltr'>est</span> <span class='ocrx_word' id='word_1_262' title='bbox 1247 2005 1332 2058; x_wconf 87' lang='lat' dir='ltr'>poena</span> <span class='ocrx_word' id='word_1_263' title='bbox 1360 1993 1478 2046; x_wconf 86' lang='lat' dir='ltr'>ordinata</span> <span class='ocrx_word' id='word_1_264' title='bbox 1502 1993 1536 2044; x_wconf 85' lang='lat' dir='ltr'>ad</span> <span class='ocrx_word' id='word_1_265' title='bbox 1562 1993 1668 2056; x_wconf 89' lang='lat' dir='ltr'>culpam</span> <span class='ocrx_word' id='word_1_266' title='bbox 1687 1993 1721 2046; x_wconf 95' lang='grc' dir='ltr'><em>Ν</em></span> <span class='ocrx_word' id='word_1_267' title='bbox 1813 2019 1848 2032; x_wconf 88' lang='grc'><em>-</em></span> <span class='ocrx_word' id='word_1_268' title='bbox 1865 1995 1893 2044; x_wconf 96' lang='grc'>99</span> <span class='ocrx_word' id='word_1_269' title='bbox 1905 1993 1990 2044; x_wconf 90' lang='lat' dir='ltr'>anima</span> <span class='ocrx_word' id='word_1_270' title='bbox 2005 1997 2043 2044; x_wconf 90' lang='lat' dir='ltr'>est</span> <span class='ocrx_word' id='word_1_271' title='bbox 2062 2007 2092 2044; x_wconf 89' lang='lat' dir='ltr'>ex</span> <span class='ocrx_word' id='word_1_272' title='bbox 2111 1997 2232 2058; x_wconf 90' lang='lat' dir='ltr'>peccata,</span> <span class='ocrx_word' id='word_1_273' title='bbox 2252 1991 2357 2058; x_wconf 87' lang='lat' dir='ltr'>qnando</span> <span class='ocrx_word' id='word_1_274' title='bbox 2371 1991 2396 2042; x_wconf 91' lang='lat' dir='ltr'>in</span> 
     </span>
    </p>

    <p class='ocr_par' dir='ltr' id='par_1_11' title="bbox 409 2079 2252 2148">
     <span class='ocr_line' id='line_1_18' title="bbox 409 2079 2252 2148; baseline -0.002 -14"><span class='ocrx_word' id='word_1_275' title='bbox 409 2093 455 2146; x_wconf 91' lang='lat' dir='ltr'>pro</span> <span class='ocrx_word' id='word_1_276' title='bbox 476 2085 534 2146; x_wconf 92' lang='lat' dir='ltr'>ipso</span> <span class='ocrx_word' id='word_1_277' title='bbox 553 2081 585 2134; x_wconf 96' lang='grc' dir='ltr'><em>Ν</em></span> <span class='ocrx_word' id='word_1_278' title='bbox 607 2083 651 2136; x_wconf 88' lang='grc'>531</span> <span class='ocrx_word' id='word_1_279' title='bbox 677 2079 705 2136; x_wconf 88' lang='grc'>5*</span> <span class='ocrx_word' id='word_1_280' title='bbox 719 2109 753 2120; x_wconf 92' lang='grc'>-</span> <span class='ocrx_word' id='word_1_281' title='bbox 766 2079 848 2134; x_wconf 88' lang='lat' dir='ltr'>Citius</span> <span class='ocrx_word' id='word_1_282' title='bbox 861 2081 986 2136; x_wconf 88' lang='lat' dir='ltr'>liberatur</span> <span class='ocrx_word' id='word_1_283' title='bbox 999 2085 1046 2148; x_wconf 94' lang='lat' dir='ltr'>qui</span> <span class='ocrx_word' id='word_1_284' title='bbox 1085 2079 1133 2136; x_wconf 88' lang='grc'>969</span> <span class='ocrx_word' id='word_1_285' title='bbox 1155 2079 1183 2134; x_wconf 90' lang='grc'>3*</span> <span class='ocrx_word' id='word_1_286' title='bbox 1203 2109 1236 2118; x_wconf 88' lang='grc'>-</span> <span class='ocrx_word' id='word_1_287' title='bbox 1254 2085 1293 2134; x_wconf 88' lang='grc'>991</span> <span class='ocrx_word' id='word_1_288' title='bbox 1307 2093 1390 2146; x_wconf 89' lang='lat' dir='ltr'>poena</span> <span class='ocrx_word' id='word_1_289' title='bbox 1407 2087 1536 2136; x_wconf 89' lang='lat' dir='ltr'>contracta</span> <span class='ocrx_word' id='word_1_290' title='bbox 1549 2081 1584 2132; x_wconf 95' lang='grc' dir='ltr'><em>Ν</em></span> <span class='ocrx_word' id='word_1_291' title='bbox 1599 2079 1650 2132; x_wconf 88' lang='grc'>977</span> <span class='ocrx_word' id='word_1_292' title='bbox 1664 2079 1691 2132; x_wconf 89' lang='grc'>(1.</span> <span class='ocrx_word' id='word_1_293' title='bbox 1706 2081 1721 2132; x_wconf 93' lang='grc'>6</span> <span class='ocrx_word' id='word_1_294' title='bbox 1761 2093 1791 2132; x_wconf 91' lang='lat' dir='ltr'>eo</span> <span class='ocrx_word' id='word_1_295' title='bbox 1810 2079 1950 2148; x_wconf 82' lang='lat' dir='ltr'>acquiescit</span> <span class='ocrx_word' id='word_1_296' title='bbox 1968 2079 2079 2130; x_wconf 84' lang='lat' dir='ltr'>finaliter</span> <span class='ocrx_word' id='word_1_297' title='bbox 2095 2079 2130 2130; x_wconf 96' lang='grc' dir='ltr'><em>Ν</em></span> <span class='ocrx_word' id='word_1_298' title='bbox 2152 2079 2217 2132; x_wconf 87' lang='grc'>9959</span> <span class='ocrx_word' id='word_1_299' title='bbox 2238 2095 2252 2130; x_wconf 97' lang='grc'>9</span> 
     </span>
    </p>
   </div>
   <div class='ocr_carea' id='block_1_7' title="bbox 402 2787 2400 4182">
    <p class='ocr_par' dir='ltr' id='par_1_12' title="bbox 402 2787 2400 4182">
     <span class='ocr_line' id='line_1_19' title="bbox 458 2787 2397 2856; baseline -0.003 -13"><span class='ocrx_word' id='word_1_300' title='bbox 458 2787 656 2856; x_wconf 75' lang='lat' dir='ltr'>Qutunsaasnan</span> <span class='ocrx_word' id='word_1_301' title='bbox 677 2817 709 2826; x_wconf 90' lang='lat'>-</span> <span class='ocrx_word' id='word_1_302' title='bbox 731 2795 767 2842; x_wconf 88' lang='lat' dir='ltr'>est</span> <span class='ocrx_word' id='word_1_303' title='bbox 788 2795 1047 2856; x_wconf 86' lang='lat' dir='ltr'>tempuspraepare·</span> <span class='ocrx_word' id='word_1_304' title='bbox 1085 2787 1200 2844; x_wconf 89' lang='lat' dir='ltr'>cundum</span> <span class='ocrx_word' id='word_1_305' title='bbox 1228 2789 1291 2856; x_wconf 91' lang='lat' dir='ltr'>quid</span> <span class='ocrx_word' id='word_1_306' title='bbox 1318 2789 1439 2842; x_wconf 88' lang='lat' dir='ltr'>diminuit</span> <span class='ocrx_word' id='word_1_307' title='bbox 1465 2789 1497 2844; x_wconf 92' lang='lat' dir='ltr'>ab</span> <span class='ocrx_word' id='word_1_308' title='bbox 1526 2803 1598 2856; x_wconf 88' lang='lat' dir='ltr'>csse,</span> <span class='ocrx_word' id='word_1_309' title='bbox 1626 2791 1668 2842; x_wconf 87' lang='lat' dir='ltr'>vel</span> <span class='ocrx_word' id='word_1_310' title='bbox 1687 2787 1722 2842; x_wconf 89' lang='lat' dir='ltr'>ab</span> <span class='ocrx_word' id='word_1_311' title='bbox 1811 2787 1968 2840; x_wconf 88' lang='lat' dir='ltr'>—Bonttm</span> <span class='ocrx_word' id='word_1_312' title='bbox 1985 2787 2037 2840; x_wconf 90' lang='lat' dir='ltr'>sub</span> <span class='ocrx_word' id='word_1_313' title='bbox 2055 2787 2155 2840; x_wconf 89' lang='lat' dir='ltr'>ratione</span> <span class='ocrx_word' id='word_1_314' title='bbox 2179 2787 2274 2854; x_wconf 91' lang='lat' dir='ltr'>quietis</span> <span class='ocrx_word' id='word_1_315' title='bbox 2297 2789 2397 2852; x_wconf 89' lang='lat' dir='ltr'>appetit</span> 
     </span>
     <span class='ocr_line' id='line_1_20' title="bbox 407 2875 1993 2946; baseline -0.003 -14"><span class='ocrx_word' id='word_1_316' title='bbox 407 2879 483 2932; x_wconf 87' lang='lat' dir='ltr'>tionis</span> <span class='ocrx_word' id='word_1_317' title='bbox 501 2877 535 2930; x_wconf 92' lang='lat' dir='ltr'>ad</span> <span class='ocrx_word' id='word_1_318' title='bbox 556 2881 650 2932; x_wconf 80' lang='lat' dir='ltr'>Pascha</span> <span class='ocrx_word' id='word_1_319' title='bbox 672 2879 703 2930; x_wconf 93' lang='grc' dir='ltr'><em>Ν</em></span> <span class='ocrx_word' id='word_1_320' title='bbox 725 2877 775 2930; x_wconf 84' lang='grc'>996</span> <span class='ocrx_word' id='word_1_321' title='bbox 795 2879 813 2932; x_wconf 85' lang='grc'>9</span> <span class='ocrx_word' id='word_1_322' title='bbox 1085 2891 1142 2932; x_wconf 86' lang='grc'>9999</span> <span class='ocrx_word' id='word_1_323' title='bbox 1162 2879 1277 2942; x_wconf 87' lang='lat' dir='ltr'>perlecto</span> <span class='ocrx_word' id='word_1_324' title='bbox 1295 2877 1328 2930; x_wconf 92' lang='grc' dir='ltr'><em>Ν</em></span> <span class='ocrx_word' id='word_1_325' title='bbox 1346 2877 1397 2932; x_wconf 88' lang='grc'>837</span> <span class='ocrx_word' id='word_1_326' title='bbox 1417 2877 1444 2930; x_wconf 82' lang='grc'>9*</span> <span class='ocrx_word' id='word_1_327' title='bbox 1459 2879 1607 2946; x_wconf 83' lang='lat' dir='ltr'>-Aliquid</span> <span class='ocrx_word' id='word_1_328' title='bbox 1625 2877 1723 2932; x_wconf 91' lang='lat' dir='ltr'>dicitur</span> <span class='ocrx_word' id='word_1_329' title='bbox 1760 2877 1849 2930; x_wconf 89' lang='lat' dir='ltr'>acedia</span> <span class='ocrx_word' id='word_1_330' title='bbox 1868 2877 1886 2928; x_wconf 97' lang='lat' dir='ltr'>ll</span> <span class='ocrx_word' id='word_1_331' title='bbox 1907 2875 1958 2928; x_wconf 89' lang='grc'>978</span> <span class='ocrx_word' id='word_1_332' title='bbox 1977 2877 1993 2928; x_wconf 89' lang='lat' dir='ltr'>b</span> 
     </span>
     <span class='ocr_line' id='line_1_21' title="bbox 460 2951 2400 3034; baseline -0.002 -15"><span class='ocrx_word' id='word_1_333' title='bbox 460 2951 910 3032; x_wconf 70' lang='grc'>99999999-19191919191999991</span> <span class='ocrx_word' id='word_1_334' title='bbox 933 2969 958 3018; x_wconf 95' lang='lat' dir='ltr'>in</span> <span class='ocrx_word' id='word_1_335' title='bbox 986 2967 1048 3018; x_wconf 91' lang='lat' dir='ltr'>snb·</span> <span class='ocrx_word' id='word_1_336' title='bbox 1085 2967 1231 3020; x_wconf 88' lang='lat' dir='ltr'>secundum</span> <span class='ocrx_word' id='word_1_337' title='bbox 1249 2965 1328 3032; x_wconf 88' lang='lat' dir='ltr'>quid,</span> <span class='ocrx_word' id='word_1_338' title='bbox 1350 2967 1578 3034; x_wconf 89' lang='lat' dir='ltr'>qucddeilciteb</span> <span class='ocrx_word' id='word_1_339' title='bbox 1598 2981 1629 3020; x_wconf 92' lang='lat' dir='ltr'>eo</span> <span class='ocrx_word' id='word_1_340' title='bbox 1650 2967 1722 3034; x_wconf 92' lang='lat' dir='ltr'>qnod</span> <span class='ocrx_word' id='word_1_341' title='bbox 1812 2965 1893 3016; x_wconf 84' lang='lat' dir='ltr'>-ln</span> <span class='ocrx_word' id='word_1_342' title='bbox 1911 2964 1966 3016; x_wconf 92' lang='lat' dir='ltr'>Deo</span> <span class='ocrx_word' id='word_1_343' title='bbox 1992 2965 2181 3030; x_wconf 90' lang='lat' dir='ltr'>quiescendum</span> <span class='ocrx_word' id='word_1_344' title='bbox 2211 2979 2259 3030; x_wconf 91' lang='lat' dir='ltr'>pcr</span> <span class='ocrx_word' id='word_1_345' title='bbox 2285 2969 2400 3018; x_wconf 88' lang='lat' dir='ltr'>contem-</span> 
     </span>
     <span class='ocr_line' id='line_1_22' title="bbox 405 3049 2398 3120; baseline -0.001 -14"><span class='ocrx_word' id='word_1_346' title='bbox 405 3055 736 3120; x_wconf 64' lang='grc'>919919911115359999</span> <span class='ocrx_word' id='word_1_347' title='bbox 1084 3061 1122 3108; x_wconf 87' lang='lat' dir='ltr'>cst</span> <span class='ocrx_word' id='word_1_348' title='bbox 1140 3055 1305 3120; x_wconf 88' lang='lat' dir='ltr'>simpliciter,</span> <span class='ocrx_word' id='word_1_349' title='bbox 1330 3055 1372 3108; x_wconf 87' lang='lat' dir='ltr'>vel</span> <span class='ocrx_word' id='word_1_350' title='bbox 1398 3055 1565 3120; x_wconf 85' lang='lat' dir='ltr'>quodetiam</span> <span class='ocrx_word' id='word_1_351' title='bbox 1592 3061 1722 3120; x_wconf 81' lang='lat' dir='ltr'>repugnat</span> <span class='ocrx_word' id='word_1_352' title='bbox 1760 3051 2006 3118; x_wconf 75' lang='lat' dir='ltr'>piationemllaito</span> <span class='ocrx_word' id='word_1_353' title='bbox 2027 3051 2088 3106; x_wconf 85' lang='grc'>(9.5</span> <span class='ocrx_word' id='word_1_354' title='bbox 2111 3051 2173 3108; x_wconf 82' lang='lat' dir='ltr'>Vide</span> <span class='ocrx_word' id='word_1_355' title='bbox 2207 3051 2233 3104; x_wconf 88' lang='lat' dir='ltr'>V.</span> <span class='ocrx_word' id='word_1_356' title='bbox 2263 3053 2336 3106; x_wconf 82' lang='lat' dir='ltr'>Datos</span> <span class='ocrx_word' id='word_1_357' title='bbox 2354 3049 2398 3106; x_wconf 72' lang='grc'>57</span> 
     </span>
     <span class='ocr_line' id='line_1_23' title="bbox 456 3139 2399 3210; baseline -0.001 -16"><span class='ocrx_word' id='word_1_358' title='bbox 456 3169 494 3182; x_wconf 92' lang='lat'><em>-</em></span> <span class='ocrx_word' id='word_1_359' title='bbox 510 3143 651 3206; x_wconf 88' lang='lat' dir='ltr'>spiritualis</span> <span class='ocrx_word' id='word_1_360' title='bbox 671 3145 753 3194; x_wconf 89' lang='lat' dir='ltr'>estin</span> <span class='ocrx_word' id='word_1_361' title='bbox 773 3143 858 3206; x_wconf 89' lang='lat' dir='ltr'>prima</span> <span class='ocrx_word' id='word_1_362' title='bbox 877 3145 965 3206; x_wconf 88' lang='lat' dir='ltr'>specie</span> <span class='ocrx_word' id='word_1_363' title='bbox 986 3157 1047 3210; x_wconf 89' lang='lat' dir='ltr'>qua·</span> <span class='ocrx_word' id='word_1_364' title='bbox 1084 3141 1182 3196; x_wconf 82' lang='lat' dir='ltr'>ll1689</span> <span class='ocrx_word' id='word_1_365' title='bbox 1204 3141 1232 3193; x_wconf 91' lang='grc'>9*</span> <span class='ocrx_word' id='word_1_366' title='bbox 1250 3169 1287 3180; x_wconf 89' lang='lat'>--</span> <span class='ocrx_word' id='word_1_367' title='bbox 1305 3141 1456 3194; x_wconf 84' lang='lat' dir='ltr'>Secundum</span> <span class='ocrx_word' id='word_1_368' title='bbox 1476 3141 1552 3210; x_wconf 88' lang='lat' dir='ltr'>quid,</span> <span class='ocrx_word' id='word_1_369' title='bbox 1574 3143 1646 3210; x_wconf 90' lang='lat' dir='ltr'>qnod</span> <span class='ocrx_word' id='word_1_370' title='bbox 1670 3155 1721 3196; x_wconf 92' lang='lat' dir='ltr'>non</span> <span class='ocrx_word' id='word_1_371' title='bbox 1758 3147 1784 3192; x_wconf 92' lang='lat' dir='ltr'>et</span> <span class='ocrx_word' id='word_1_372' title='bbox 1805 3141 1835 3192; x_wconf 91' lang='lat' dir='ltr'>V.</span> <span class='ocrx_word' id='word_1_373' title='bbox 1853 3139 2046 3194; x_wconf 84' lang='lat' dir='ltr'>Alcime-ordo</span> <span class='ocrx_word' id='word_1_374' title='bbox 2066 3139 2103 3192; x_wconf 90' lang='lat' dir='ltr'>ed</span> <span class='ocrx_word' id='word_1_375' title='bbox 2125 3141 2275 3192; x_wconf 80' lang='grc'>1991199.-</span> <span class='ocrx_word' id='word_1_376' title='bbox 2294 3145 2399 3192; x_wconf 88' lang='lat' dir='ltr'>creatu-</span> 
     </span>
     <span class='ocr_line' id='line_1_24' title="bbox 406 3219 2397 3298; baseline 0 -16"><span class='ocrx_word' id='word_1_377' title='bbox 406 3231 483 3286; x_wconf 89' lang='lat' dir='ltr'>litatis</span> <span class='ocrx_word' id='word_1_378' title='bbox 500 3231 533 3282; x_wconf 93' lang='grc' dir='ltr'><em>Ν</em></span> <span class='ocrx_word' id='word_1_379' title='bbox 557 3231 605 3282; x_wconf 89' lang='grc'>936</span> <span class='ocrx_word' id='word_1_380' title='bbox 625 3219 644 3282; x_wconf 76' lang='grc'>9.</span> <span class='ocrx_word' id='word_1_381' title='bbox 662 3233 686 3282; x_wconf 88' lang='grc'>9.</span> <span class='ocrx_word' id='word_1_382' title='bbox 707 3231 756 3282; x_wconf 92' lang='grc'>138</span> <span class='ocrx_word' id='word_1_383' title='bbox 777 3243 792 3282; x_wconf 91' lang='grc'>9</span> <span class='ocrx_word' id='word_1_384' title='bbox 813 3257 849 3270; x_wconf 90' lang='lat'>-··</span> <span class='ocrx_word' id='word_1_385' title='bbox 867 3231 968 3284; x_wconf 88' lang='lat' dir='ltr'>inlusae</span> <span class='ocrx_word' id='word_1_386' title='bbox 988 3235 1048 3282; x_wconf 87' lang='lat' dir='ltr'>snut</span> <span class='ocrx_word' id='word_1_387' title='bbox 1084 3231 1221 3294; x_wconf 83' lang='lat' dir='ltr'>participat</span> <span class='ocrx_word' id='word_1_388' title='bbox 1238 3243 1303 3296; x_wconf 90' lang='lat' dir='ltr'>esse,</span> <span class='ocrx_word' id='word_1_389' title='bbox 1322 3243 1373 3282; x_wconf 92' lang='lat' dir='ltr'>uon</span> <span class='ocrx_word' id='word_1_390' title='bbox 1395 3239 1598 3284; x_wconf 89' lang='lat' dir='ltr'>connumeratur</span> <span class='ocrx_word' id='word_1_391' title='bbox 1610 3231 1632 3282; x_wconf 90' lang='lat' dir='ltr'>ci</span> <span class='ocrx_word' id='word_1_392' title='bbox 1649 3231 1721 3298; x_wconf 91' lang='lat' dir='ltr'>quod</span> <span class='ocrx_word' id='word_1_393' title='bbox 1759 3243 1848 3282; x_wconf 90' lang='lat' dir='ltr'>rarum</span> <span class='ocrx_word' id='word_1_394' title='bbox 1866 3231 1892 3278; x_wconf 91' lang='lat' dir='ltr'>in</span> <span class='ocrx_word' id='word_1_395' title='bbox 1907 3229 1960 3280; x_wconf 88' lang='lat' dir='ltr'>Deo</span> <span class='ocrx_word' id='word_1_396' title='bbox 1973 3235 2011 3280; x_wconf 90' lang='lat' dir='ltr'>est</span> <span class='ocrx_word' id='word_1_397' title='bbox 2031 3243 2079 3294; x_wconf 86' lang='lat' dir='ltr'>pec</span> <span class='ocrx_word' id='word_1_398' title='bbox 2091 3229 2278 3282; x_wconf 89' lang='lat' dir='ltr'>beatitudinem</span> <span class='ocrx_word' id='word_1_399' title='bbox 2298 3229 2332 3282; x_wconf 88' lang='grc' dir='ltr'><em>Ν</em></span> <span class='ocrx_word' id='word_1_400' title='bbox 2346 3231 2397 3282; x_wconf 88' lang='grc'>898</span> 
     </span>
     <span class='ocr_line' id='line_1_25' title="bbox 404 3317 2400 3384; baseline -0.001 -14"><span class='ocrx_word' id='word_1_401' title='bbox 404 3321 431 3372; x_wconf 88' lang='grc'>99</span> <span class='ocrx_word' id='word_1_402' title='bbox 449 3321 534 3384; x_wconf 88' lang='lat' dir='ltr'>prima</span> <span class='ocrx_word' id='word_1_403' title='bbox 554 3321 640 3384; x_wconf 88' lang='lat' dir='ltr'>specie</span> <span class='ocrx_word' id='word_1_404' title='bbox 660 3319 692 3370; x_wconf 91' lang='grc' dir='ltr'><em>Ν</em></span> <span class='ocrx_word' id='word_1_405' title='bbox 713 3317 764 3370; x_wconf 79' lang='lat' dir='ltr'>lei</span> <span class='ocrx_word' id='word_1_406' title='bbox 785 3317 803 3370; x_wconf 96' lang='lat' dir='ltr'>b</span> <span class='ocrx_word' id='word_1_407' title='bbox 821 3333 863 3384; x_wconf 89' lang='lat' dir='ltr'>sq.</span> <span class='ocrx_word' id='word_1_408' title='bbox 1083 3327 1122 3372; x_wconf 90' lang='lat' dir='ltr'>est</span> <span class='ocrx_word' id='word_1_409' title='bbox 1139 3319 1291 3384; x_wconf 87' lang='lat' dir='ltr'>simpliciter</span> <span class='ocrx_word' id='word_1_410' title='bbox 1308 3321 1334 3370; x_wconf 92' lang='lat' dir='ltr'>in</span> <span class='ocrx_word' id='word_1_411' title='bbox 1355 3321 1396 3372; x_wconf 91' lang='lat' dir='ltr'>illo</span> <span class='ocrx_word' id='word_1_412' title='bbox 1416 3333 1474 3372; x_wconf 86' lang='lat' dir='ltr'>csse</span> <span class='ocrx_word' id='word_1_413' title='bbox 1493 3319 1524 3372; x_wconf 89' lang='grc' dir='ltr'><em>Ν</em></span> <span class='ocrx_word' id='word_1_414' title='bbox 1545 3319 1596 3372; x_wconf 89' lang='grc'>837</span> <span class='ocrx_word' id='word_1_415' title='bbox 1615 3317 1644 3372; x_wconf 88' lang='grc'>9*</span> <span class='ocrx_word' id='word_1_416' title='bbox 1759 3331 1830 3370; x_wconf 84' lang='lat' dir='ltr'>a·-</span> <span class='ocrx_word' id='word_1_417' title='bbox 1850 3319 1940 3370; x_wconf 87' lang='lat' dir='ltr'>Beatus</span> <span class='ocrx_word' id='word_1_418' title='bbox 1961 3329 2010 3368; x_wconf 91' lang='lat' dir='ltr'>nou</span> <span class='ocrx_word' id='word_1_419' title='bbox 2039 3323 2079 3370; x_wconf 87' lang='grc'>991</span> <span class='ocrx_word' id='word_1_420' title='bbox 2097 3319 2145 3372; x_wconf 88' lang='grc'>9199</span> <span class='ocrx_word' id='word_1_421' title='bbox 2171 3319 2354 3384; x_wconf 84' lang='lat' dir='ltr'>quiquiescit</span> <span class='ocrx_word' id='word_1_422' title='bbox 2372 3321 2400 3370; x_wconf 92' lang='lat' dir='ltr'>in</span> 
     </span>
     <span class='ocr_line' id='line_1_26' title="bbox 457 3405 2397 3482; baseline 0 -24"><span class='ocrx_word' id='word_1_423' title='bbox 457 3435 494 3446; x_wconf 97' lang='lat'>—</span> <span class='ocrx_word' id='word_1_424' title='bbox 505 3407 693 3460; x_wconf 88' lang='lat' dir='ltr'>elementorum</span> <span class='ocrx_word' id='word_1_425' title='bbox 708 3407 881 3460; x_wconf 88' lang='lat' dir='ltr'>remanebunt</span> <span class='ocrx_word' id='word_1_426' title='bbox 894 3411 953 3472; x_wconf 91' lang='lat' dir='ltr'>post</span> <span class='ocrx_word' id='word_1_427' title='bbox 967 3407 1047 3460; x_wconf 84' lang='lat' dir='ltr'>tinem</span> <span class='ocrx_word' id='word_1_428' title='bbox 1136 3407 1213 3474; x_wconf 82' lang='lat' dir='ltr'>Quies</span> <span class='ocrx_word' id='word_1_429' title='bbox 1231 3435 1265 3446; x_wconf 88' lang='lat'>····</span> <span class='ocrx_word' id='word_1_430' title='bbox 1285 3413 1322 3460; x_wconf 85' lang='lat' dir='ltr'>est</span> <span class='ocrx_word' id='word_1_431' title='bbox 1341 3407 1452 3460; x_wconf 78' lang='lat' dir='ltr'>nobilior</span> <span class='ocrx_word' id='word_1_432' title='bbox 1472 3409 1570 3482; x_wconf 30' lang='lat' dir='ltr'>motavl</span> <span class='ocrx_word' id='word_1_433' title='bbox 1592 3405 1642 3462; x_wconf 88' lang='grc'>659</span> <span class='ocrx_word' id='word_1_434' title='bbox 1663 3409 1678 3460; x_wconf 92' lang='lat' dir='ltr'>t.</span> <span class='ocrx_word' id='word_1_435' title='bbox 1693 3407 1720 3462; x_wconf 89' lang='grc'>9.</span> <span class='ocrx_word' id='word_1_436' title='bbox 1758 3405 1813 3458; x_wconf 90' lang='lat' dir='ltr'>Deo</span> <span class='ocrx_word' id='word_1_437' title='bbox 1832 3405 1924 3458; x_wconf 91' lang='grc'>111393</span> <span class='ocrx_word' id='word_1_438' title='bbox 1943 3405 1961 3456; x_wconf 88' lang='grc'>9.</span> <span class='ocrx_word' id='word_1_439' title='bbox 1975 3407 1989 3458; x_wconf 90' lang='grc'>3</span> <span class='ocrx_word' id='word_1_440' title='bbox 2002 3435 2039 3446; x_wconf 93' lang='grc'>-</span> <span class='ocrx_word' id='word_1_441' title='bbox 2051 3407 2136 3458; x_wconf 89' lang='lat' dir='ltr'>Sancti</span> <span class='ocrx_word' id='word_1_442' title='bbox 2156 3405 2294 3482; x_wconf 87' lang='lat' dir='ltr'>quiescunt</span> <span class='ocrx_word' id='word_1_443' title='bbox 2307 3407 2397 3474; x_wconf 92' lang='lat' dir='ltr'>quiete</span> 
     </span>
     <span class='ocr_line' id='line_1_27' title="bbox 404 3495 2396 3564; baseline 0 -18"><span class='ocrx_word' id='word_1_444' title='bbox 404 3495 497 3550; x_wconf 91' lang='lat' dir='ltr'>mnndi</span> <span class='ocrx_word' id='word_1_445' title='bbox 515 3501 641 3562; x_wconf 89' lang='lat' dir='ltr'>quantum</span> <span class='ocrx_word' id='word_1_446' title='bbox 662 3495 694 3548; x_wconf 90' lang='lat' dir='ltr'>ad</span> <span class='ocrx_word' id='word_1_447' title='bbox 714 3495 1046 3564; x_wconf 90' lang='lat' dir='ltr'>snbstantiam‚quantum</span> <span class='ocrx_word' id='word_1_448' title='bbox 1082 3495 1134 3550; x_wconf 89' lang='grc'>789</span> <span class='ocrx_word' id='word_1_449' title='bbox 1154 3495 1172 3548; x_wconf 90' lang='lat' dir='ltr'>i.</span> <span class='ocrx_word' id='word_1_450' title='bbox 1190 3495 1216 3548; x_wconf 91' lang='grc'>3.</span> <span class='ocrx_word' id='word_1_451' title='bbox 1244 3495 1278 3548; x_wconf 97' lang='grc' dir='ltr'><em>Ν</em></span> <span class='ocrx_word' id='word_1_452' title='bbox 1301 3495 1348 3548; x_wconf 88' lang='grc'>999</span> <span class='ocrx_word' id='word_1_453' title='bbox 1371 3497 1389 3548; x_wconf 91' lang='lat' dir='ltr'>i.</span> <span class='ocrx_word' id='word_1_454' title='bbox 1418 3497 1443 3548; x_wconf 84' lang='lat'>3.</span> <span class='ocrx_word' id='word_1_455' title='bbox 1472 3497 1535 3548; x_wconf 90' lang='grc'>9931</span> <span class='ocrx_word' id='word_1_456' title='bbox 1567 3511 1623 3564; x_wconf 76' lang='lat' dir='ltr'>arg.</span> <span class='ocrx_word' id='word_1_457' title='bbox 1646 3495 1661 3550; x_wconf 91' lang='grc'>9</span> <span class='ocrx_word' id='word_1_458' title='bbox 1685 3525 1722 3536; x_wconf 94' lang='grc'>-</span> <span class='ocrx_word' id='word_1_459' title='bbox 1759 3495 1887 3560; x_wconf 89' lang='lat' dir='ltr'>perlecta,</span> <span class='ocrx_word' id='word_1_460' title='bbox 1907 3495 1967 3562; x_wconf 84' lang='lat' dir='ltr'>quia</span> <span class='ocrx_word' id='word_1_461' title='bbox 1985 3501 2072 3548; x_wconf 87' lang='lat' dir='ltr'>tenent</span> <span class='ocrx_word' id='word_1_462' title='bbox 2091 3509 2151 3548; x_wconf 84' lang='grc'>9919</span> <span class='ocrx_word' id='word_1_463' title='bbox 2165 3509 2244 3562; x_wconf 90' lang='lat' dir='ltr'>quem</span> <span class='ocrx_word' id='word_1_464' title='bbox 2266 3495 2396 3548; x_wconf 87' lang='lat' dir='ltr'>desidera-</span> 
     </span>
     <span class='ocr_line' id='line_1_28' title="bbox 403 3581 2395 3652; baseline -0.001 -16"><span class='ocrx_word' id='word_1_465' title='bbox 403 3583 438 3636; x_wconf 89' lang='lat' dir='ltr'>ad</span> <span class='ocrx_word' id='word_1_466' title='bbox 455 3587 582 3636; x_wconf 88' lang='lat' dir='ltr'>rationem</span> <span class='ocrx_word' id='word_1_467' title='bbox 603 3585 777 3648; x_wconf 89' lang='lat' dir='ltr'>corruptionis</span> <span class='ocrx_word' id='word_1_468' title='bbox 797 3585 994 3638; x_wconf 89' lang='lat' dir='ltr'>innovabuntur</span> <span class='ocrx_word' id='word_1_469' title='bbox 1012 3585 1047 3638; x_wconf 96' lang='grc' dir='ltr'><em>Ν</em></span> <span class='ocrx_word' id='word_1_470' title='bbox 1083 3585 1179 3648; x_wconf 88' lang='lat' dir='ltr'>Omne,</span> <span class='ocrx_word' id='word_1_471' title='bbox 1202 3585 1275 3652; x_wconf 89' lang='lat' dir='ltr'>quod</span> <span class='ocrx_word' id='word_1_472' title='bbox 1301 3585 1410 3652; x_wconf 82' lang='lat' dir='ltr'>quiescit</span> <span class='ocrx_word' id='word_1_473' title='bbox 1427 3585 1537 3652; x_wconf 90' lang='lat' dir='ltr'>alicubi,</span> <span class='ocrx_word' id='word_1_474' title='bbox 1562 3585 1640 3638; x_wconf 87' lang='lat' dir='ltr'>habet</span> <span class='ocrx_word' id='word_1_475' title='bbox 1666 3587 1721 3638; x_wconf 90' lang='lat' dir='ltr'>vim</span> <span class='ocrx_word' id='word_1_476' title='bbox 1758 3583 1820 3636; x_wconf 89' lang='lat' dir='ltr'>bant</span> <span class='ocrx_word' id='word_1_477' title='bbox 1839 3585 1865 3638; x_wconf 97' lang='lat' dir='ltr'>lll</span> <span class='ocrx_word' id='word_1_478' title='bbox 1886 3583 1937 3634; x_wconf 91' lang='grc'>399</span> <span class='ocrx_word' id='word_1_479' title='bbox 1958 3581 1986 3636; x_wconf 87' lang='grc'>6*</span> <span class='ocrx_word' id='word_1_480' title='bbox 2003 3609 2040 3624; x_wconf 89' lang='lat'>·-</span> <span class='ocrx_word' id='word_1_481' title='bbox 2057 3585 2084 3636; x_wconf 92' lang='lat' dir='ltr'>in</span> <span class='ocrx_word' id='word_1_482' title='bbox 2104 3585 2157 3636; x_wconf 85' lang='lat' dir='ltr'>Deo</span> <span class='ocrx_word' id='word_1_483' title='bbox 2181 3589 2221 3636; x_wconf 91' lang='lat' dir='ltr'>est</span> <span class='ocrx_word' id='word_1_484' title='bbox 2244 3585 2345 3648; x_wconf 82' lang='lat' dir='ltr'>gloriae</span> <span class='ocrx_word' id='word_1_485' title='bbox 2369 3589 2395 3636; x_wconf 90' lang='grc'>91</span> 
     </span>
     <span class='ocr_line' id='line_1_29' title="bbox 404 3665 2235 3740; baseline -0.002 -14"><span class='ocrx_word' id='word_1_486' title='bbox 404 3673 455 3736; x_wconf 88' lang='grc'>993</span> <span class='ocrx_word' id='word_1_487' title='bbox 476 3671 548 3726; x_wconf 87' lang='lat' dir='ltr'>b-</span> <span class='ocrx_word' id='word_1_488' title='bbox 561 3673 709 3736; x_wconf 90' lang='lat' dir='ltr'>corporales</span> <span class='ocrx_word' id='word_1_489' title='bbox 724 3673 911 3738; x_wconf 84' lang='lat' dir='ltr'>purgabuntur</span> <span class='ocrx_word' id='word_1_490' title='bbox 925 3675 985 3738; x_wconf 81' lang='lat' dir='ltr'>igne</span> <span class='ocrx_word' id='word_1_491' title='bbox 998 3689 1047 3738; x_wconf 90' lang='lat' dir='ltr'>per</span> <span class='ocrx_word' id='word_1_492' title='bbox 1083 3675 1170 3740; x_wconf 88' lang='lat' dir='ltr'>ipsum</span> <span class='ocrx_word' id='word_1_493' title='bbox 1188 3673 1225 3726; x_wconf 89' lang='lat' dir='ltr'>ibi</span> <span class='ocrx_word' id='word_1_494' title='bbox 1244 3675 1416 3727; x_wconf 83' lang='lat' dir='ltr'>stabilientem</span> <span class='ocrx_word' id='word_1_495' title='bbox 1435 3675 1469 3726; x_wconf 91' lang='grc' dir='ltr'><em>Ν</em></span> <span class='ocrx_word' id='word_1_496' title='bbox 1489 3675 1556 3726; x_wconf 89' lang='grc'>9939</span> <span class='ocrx_word' id='word_1_497' title='bbox 1576 3665 1631 3740; x_wconf 81' lang='lat' dir='ltr'>arg.</span> <span class='ocrx_word' id='word_1_498' title='bbox 1652 3677 1668 3726; x_wconf 87' lang='lat'>3</span> <span class='ocrx_word' id='word_1_499' title='bbox 1685 3703 1722 3714; x_wconf 98' lang='lat'>-</span> <span class='ocrx_word' id='word_1_500' title='bbox 1758 3675 1881 3738; x_wconf 91' lang='lat' dir='ltr'>competit</span> <span class='ocrx_word' id='word_1_501' title='bbox 1900 3675 1976 3724; x_wconf 90' lang='lat' dir='ltr'>statui</span> <span class='ocrx_word' id='word_1_502' title='bbox 1994 3673 2094 3738; x_wconf 89' lang='lat' dir='ltr'>patriae</span> <span class='ocrx_word' id='word_1_503' title='bbox 2112 3673 2131 3724; x_wconf 96' lang='lat' dir='ltr'>ll</span> <span class='ocrx_word' id='word_1_504' title='bbox 2152 3673 2203 3724; x_wconf 91' lang='grc'>669</span> <span class='ocrx_word' id='word_1_505' title='bbox 2223 3687 2235 3722; x_wconf 91' lang='grc'>9</span> 
     </span>
     <span class='ocr_line' id='line_1_30' title="bbox 403 3759 2398 3830; baseline -0.002 -16"><span class='ocrx_word' id='word_1_506' title='bbox 403 3759 575 3814; x_wconf 89' lang='lat' dir='ltr'>abiectionem</span> <span class='ocrx_word' id='word_1_507' title='bbox 596 3761 628 3814; x_wconf 95' lang='grc' dir='ltr'><em>Ν</em></span> <span class='ocrx_word' id='word_1_508' title='bbox 647 3761 698 3814; x_wconf 90' lang='grc'>979</span> <span class='ocrx_word' id='word_1_509' title='bbox 720 3759 749 3814; x_wconf 89' lang='grc'>3*</span> <span class='ocrx_word' id='word_1_510' title='bbox 766 3789 804 3798; x_wconf 86' lang='grc'>--</span> <span class='ocrx_word' id='word_1_511' title='bbox 821 3765 922 3816; x_wconf 83' lang='lat' dir='ltr'>activae</span> <span class='ocrx_word' id='word_1_512' title='bbox 938 3765 1048 3828; x_wconf 90' lang='lat' dir='ltr'>punient</span> <span class='ocrx_word' id='word_1_513' title='bbox 1082 3765 1168 3816; x_wconf 91' lang='lat' dir='ltr'>Locus</span> <span class='ocrx_word' id='word_1_514' title='bbox 1187 3777 1237 3816; x_wconf 94' lang='lat' dir='ltr'>non</span> <span class='ocrx_word' id='word_1_515' title='bbox 1256 3761 1352 3816; x_wconf 90' lang='lat' dir='ltr'>dicitur</span> <span class='ocrx_word' id='word_1_516' title='bbox 1371 3765 1479 3828; x_wconf 88' lang='lat' dir='ltr'>proprie</span> <span class='ocrx_word' id='word_1_517' title='bbox 1499 3763 1648 3830; x_wconf 90' lang='lat' dir='ltr'>quiescere,</span> <span class='ocrx_word' id='word_1_518' title='bbox 1675 3765 1722 3816; x_wconf 90' lang='lat' dir='ltr'>sed</span> <span class='ocrx_word' id='word_1_519' title='bbox 1810 3759 2398 3826; x_wconf 78' lang='grc'>-91999199999991911999999999999991</span> 
     </span>
     <span class='ocr_line' id='line_1_31' title="bbox 402 3847 2398 3916; baseline -0.001 -16"><span class='ocrx_word' id='word_1_520' title='bbox 402 3851 430 3902; x_wconf 91' lang='lat' dir='ltr'>in</span> <span class='ocrx_word' id='word_1_521' title='bbox 448 3849 549 3904; x_wconf 82' lang='lat' dir='ltr'>interno</span> <span class='ocrx_word' id='word_1_522' title='bbox 567 3849 600 3900; x_wconf 92' lang='grc' dir='ltr'><em>Ν</em></span> <span class='ocrx_word' id='word_1_523' title='bbox 621 3851 672 3902; x_wconf 89' lang='grc'>997</span> <span class='ocrx_word' id='word_1_524' title='bbox 691 3863 749 3916; x_wconf 82' lang='lat' dir='ltr'>arg.</span> <span class='ocrx_word' id='word_1_525' title='bbox 766 3851 795 3904; x_wconf 88' lang='lat'>3.-</span> <span class='ocrx_word' id='word_1_526' title='bbox 812 3853 897 3904; x_wconf 90' lang='grc'>9989</span> <span class='ocrx_word' id='word_1_527' title='bbox 1083 3851 1484 3906; x_wconf 79' lang='grc'>19991999919991117599.</span> <span class='ocrx_word' id='word_1_528' title='bbox 1506 3853 1514 3902; x_wconf 96' lang='lat' dir='ltr'>l</span> <span class='ocrx_word' id='word_1_529' title='bbox 1758 3851 1805 3904; x_wconf 91' lang='lat' dir='ltr'>init</span> <span class='ocrx_word' id='word_1_530' title='bbox 1836 3851 1860 3900; x_wconf 93' lang='lat' dir='ltr'>in</span> <span class='ocrx_word' id='word_1_531' title='bbox 1893 3847 1974 3900; x_wconf 87' lang='lat' dir='ltr'>limbo</span> <span class='ocrx_word' id='word_1_532' title='bbox 2004 3849 2121 3912; x_wconf 76' lang='lat' dir='ltr'>Patriam,</span> <span class='ocrx_word' id='word_1_533' title='bbox 2156 3863 2204 3914; x_wconf 82' lang='lat' dir='ltr'>pet·</span> <span class='ocrx_word' id='word_1_534' title='bbox 2233 3849 2398 3900; x_wconf 86' lang='lat' dir='ltr'>collationem</span> 
     </span>
     <span class='ocr_line' id='line_1_32' title="bbox 457 3939 2349 4006; baseline -0.001 -14"><span class='ocrx_word' id='word_1_535' title='bbox 457 3939 601 4004; x_wconf 76' lang='lat' dir='ltr'>Quinctiis</span> <span class='ocrx_word' id='word_1_536' title='bbox 622 3967 653 3976; x_wconf 82' lang='lat'>-</span> <span class='ocrx_word' id='word_1_537' title='bbox 674 3945 697 3992; x_wconf 90' lang='lat' dir='ltr'>et</span> <span class='ocrx_word' id='word_1_538' title='bbox 722 3939 867 3992; x_wconf 89' lang='lat' dir='ltr'>substantia</span> <span class='ocrx_word' id='word_1_539' title='bbox 894 3941 921 3992; x_wconf 89' lang='lat' dir='ltr'>in</span> <span class='ocrx_word' id='word_1_540' title='bbox 949 3939 1047 3992; x_wconf 88' lang='lat' dir='ltr'>divinis</span> <span class='ocrx_word' id='word_1_541' title='bbox 1135 3939 1272 3992; x_wconf 90' lang='lat' dir='ltr'>-Omae</span> <span class='ocrx_word' id='word_1_542' title='bbox 1292 3955 1404 4006; x_wconf 88' lang='lat' dir='ltr'>operans</span> <span class='ocrx_word' id='word_1_543' title='bbox 1424 3939 1529 3994; x_wconf 89' lang='lat' dir='ltr'>obtento</span> <span class='ocrx_word' id='word_1_544' title='bbox 1548 3955 1594 4006; x_wconf 88' lang='lat' dir='ltr'>eo,</span> <span class='ocrx_word' id='word_1_545' title='bbox 1614 3945 1723 4006; x_wconf 89' lang='lat' dir='ltr'>propter</span> <span class='ocrx_word' id='word_1_546' title='bbox 1757 3941 1844 3992; x_wconf 87' lang='lat' dir='ltr'>omnis</span> <span class='ocrx_word' id='word_1_547' title='bbox 1862 3939 1923 3990; x_wconf 89' lang='lat' dir='ltr'>boni</span> <span class='ocrx_word' id='word_1_548' title='bbox 1943 3939 1968 3990; x_wconf 91' lang='lat' dir='ltr'>ln</span> <span class='ocrx_word' id='word_1_549' title='bbox 1988 3939 2045 3990; x_wconf 92' lang='lat' dir='ltr'>loco</span> <span class='ocrx_word' id='word_1_550' title='bbox 2063 3939 2163 4002; x_wconf 80' lang='lat' dir='ltr'>gloriae</span> <span class='ocrx_word' id='word_1_551' title='bbox 2181 3939 2216 3990; x_wconf 90' lang='grc' dir='ltr'><em>Ν</em></span> <span class='ocrx_word' id='word_1_552' title='bbox 2234 3939 2268 3990; x_wconf 91' lang='grc'>95</span> <span class='ocrx_word' id='word_1_553' title='bbox 2288 3939 2349 3990; x_wconf 88' lang='grc'>(1.3</span> 
     </span>
     <span class='ocr_line' id='line_1_33' title="bbox 404 4025 2314 4098; baseline 0.001 -20"><span class='ocrx_word' id='word_1_554' title='bbox 404 4027 474 4080; x_wconf 89' lang='lat' dir='ltr'>idem</span> <span class='ocrx_word' id='word_1_555' title='bbox 494 4033 531 4080; x_wconf 90' lang='lat' dir='ltr'>est</span> <span class='ocrx_word' id='word_1_556' title='bbox 554 4027 631 4080; x_wconf 88' lang='grc'>9375</span> <span class='ocrx_word' id='word_1_557' title='bbox 650 4027 707 4080; x_wconf 90' lang='grc'>(9.9</span> <span class='ocrx_word' id='word_1_558' title='bbox 734 4055 767 4068; x_wconf 80' lang='lat'>--</span> <span class='ocrx_word' id='word_1_559' title='bbox 786 4031 877 4080; x_wconf 90' lang='lat' dir='ltr'>transit</span> <span class='ocrx_word' id='word_1_560' title='bbox 889 4029 915 4080; x_wconf 93' lang='lat' dir='ltr'>in</span> <span class='ocrx_word' id='word_1_561' title='bbox 929 4029 1047 4082; x_wconf 89' lang='lat' dir='ltr'>snbstan-</span> <span class='ocrx_word' id='word_1_562' title='bbox 1082 4029 1154 4098; x_wconf 89' lang='lat' dir='ltr'>quod</span> <span class='ocrx_word' id='word_1_563' title='bbox 1175 4031 1239 4094; x_wconf 82' lang='lat' dir='ltr'>agit,</span> <span class='ocrx_word' id='word_1_564' title='bbox 1259 4031 1368 4094; x_wconf 89' lang='lat' dir='ltr'>quiescit</span> <span class='ocrx_word' id='word_1_565' title='bbox 1385 4031 1405 4080; x_wconf 95' lang='lat' dir='ltr'>ll</span> <span class='ocrx_word' id='word_1_566' title='bbox 1425 4029 1476 4080; x_wconf 90' lang='grc'>386</span> <span class='ocrx_word' id='word_1_567' title='bbox 1496 4029 1511 4080; x_wconf 88' lang='lat' dir='ltr'>b</span> <span class='ocrx_word' id='word_1_568' title='bbox 1532 4045 1569 4096; x_wconf 89' lang='lat' dir='ltr'>sq.</span> <span class='ocrx_word' id='word_1_569' title='bbox 1590 4057 1625 4070; x_wconf 83' lang='lat'><em>-</em></span> <span class='ocrx_word' id='word_1_570' title='bbox 1644 4031 1721 4096; x_wconf 81' lang='lat' dir='ltr'>Qttod</span> <span class='ocrx_word' id='word_1_571' title='bbox 1810 4029 1945 4092; x_wconf 79' lang='lat' dir='ltr'>Quintanas</span> <span class='ocrx_word' id='word_1_572' title='bbox 1964 4053 1998 4066; x_wconf 91' lang='lat'>-</span> <span class='ocrx_word' id='word_1_573' title='bbox 2024 4025 2083 4080; x_wconf 92' lang='lat' dir='ltr'>Vide</span> <span class='ocrx_word' id='word_1_574' title='bbox 2106 4027 2133 4080; x_wconf 90' lang='lat' dir='ltr'>V.</span> <span class='ocrx_word' id='word_1_575' title='bbox 2154 4025 2314 4088; x_wconf 60' lang='lat' dir='ltr'>Numerus„</span> 
     </span>
     <span class='ocr_line' id='line_1_34' title="bbox 404 4113 2397 4182; baseline 0.001 -16"><span class='ocrx_word' id='word_1_576' title='bbox 404 4117 466 4168; x_wconf 88' lang='lat' dir='ltr'>tiam</span> <span class='ocrx_word' id='word_1_577' title='bbox 488 4117 495 4168; x_wconf 96' lang='lat' dir='ltr'>l</span> <span class='ocrx_word' id='word_1_578' title='bbox 515 4113 642 4182; x_wconf 71' lang='grc'>19999.</span> <span class='ocrx_word' id='word_1_579' title='bbox 662 4119 687 4170; x_wconf 90' lang='grc'>1.</span> <span class='ocrx_word' id='word_1_580' title='bbox 707 4115 760 4170; x_wconf 89' lang='grc'>535</span> <span class='ocrx_word' id='word_1_581' title='bbox 779 4131 835 4182; x_wconf 76' lang='lat' dir='ltr'>arg.</span> <span class='ocrx_word' id='word_1_582' title='bbox 857 4119 872 4170; x_wconf 86' lang='grc'>9</span> <span class='ocrx_word' id='word_1_583' title='bbox 1083 4125 1205 4170; x_wconf 53' lang='lat' dir='ltr'>innitetur</span> <span class='ocrx_word' id='word_1_584' title='bbox 1225 4131 1238 4168; x_wconf 90' lang='grc'>9</span> <span class='ocrx_word' id='word_1_585' title='bbox 1257 4119 1365 4182; x_wconf 88' lang='lat' dir='ltr'>propria</span> <span class='ocrx_word' id='word_1_586' title='bbox 1387 4119 1470 4170; x_wconf 88' lang='lat' dir='ltr'>torma</span> <span class='ocrx_word' id='word_1_587' title='bbox 1496 4119 1644 4170; x_wconf 89' lang='lat' dir='ltr'>naturaliter</span> <span class='ocrx_word' id='word_1_588' title='bbox 1665 4131 1721 4170; x_wconf 84' lang='lat' dir='ltr'>mo-</span> <span class='ocrx_word' id='word_1_589' title='bbox 1810 4117 1871 4182; x_wconf 84' lang='lat' dir='ltr'>Quts</span> <span class='ocrx_word' id='word_1_590' title='bbox 1890 4143 1925 4154; x_wconf 99' lang='lat'>-</span> <span class='ocrx_word' id='word_1_591' title='bbox 1943 4121 2044 4168; x_wconf 91' lang='lat' dir='ltr'>tenetur</span> <span class='ocrx_word' id='word_1_592' title='bbox 2061 4115 2174 4182; x_wconf 84' lang='lat' dir='ltr'>infinite,</span> <span class='ocrx_word' id='word_1_593' title='bbox 2197 4117 2237 4170; x_wconf 88' lang='lat' dir='ltr'>vel</span> <span class='ocrx_word' id='word_1_594' title='bbox 2257 4117 2397 4170; x_wconf 86' lang='lat' dir='ltr'>discretive</span> 
     </span>
    </p>
   </div>
   <div class='ocr_carea' id='block_1_8' title="bbox 401 4201 2397 4536">
    <p class='ocr_par' dir='ltr' id='par_1_13' title="bbox 401 4201 2397 4536">
     <span class='ocr_line' id='line_1_35' title="bbox 461 4201 1959 4272; baseline 0.001 -18"><span class='ocrx_word' id='word_1_595' title='bbox 461 4233 497 4242; x_wconf 89' lang='lat'>-</span> <span class='ocrx_word' id='word_1_596' title='bbox 515 4217 566 4256; x_wconf 93' lang='lat' dir='ltr'>non</span> <span class='ocrx_word' id='word_1_597' title='bbox 584 4207 739 4256; x_wconf 85' lang='lat' dir='ltr'>transierint·</span> <span class='ocrx_word' id='word_1_598' title='bbox 756 4203 790 4256; x_wconf 90' lang='lat' dir='ltr'>ad</span> <span class='ocrx_word' id='word_1_599' title='bbox 811 4205 913 4272; x_wconf 84' lang='lat' dir='ltr'>diuina,</span> <span class='ocrx_word' id='word_1_600' title='bbox 933 4207 980 4258; x_wconf 88' lang='lat' dir='ltr'>sed</span> <span class='ocrx_word' id='word_1_601' title='bbox 995 4219 1047 4260; x_wconf 90' lang='lat' dir='ltr'>ma·</span> <span class='ocrx_word' id='word_1_602' title='bbox 1082 4209 1173 4270; x_wconf 84' lang='lat' dir='ltr'>vente,</span> <span class='ocrx_word' id='word_1_603' title='bbox 1192 4209 1305 4258; x_wconf 83' lang='lat' dir='ltr'>existens</span> <span class='ocrx_word' id='word_1_604' title='bbox 1316 4207 1342 4256; x_wconf 92' lang='lat' dir='ltr'>in</span> <span class='ocrx_word' id='word_1_605' title='bbox 1362 4205 1453 4258; x_wconf 89' lang='lat' dir='ltr'>cadem</span> <span class='ocrx_word' id='word_1_606' title='bbox 1469 4207 1637 4270; x_wconf 87' lang='lat' dir='ltr'>dispositione</span> <span class='ocrx_word' id='word_1_607' title='bbox 1658 4221 1721 4258; x_wconf 80' lang='lat' dir='ltr'>narn·</span> <span class='ocrx_word' id='word_1_608' title='bbox 1756 4207 1791 4258; x_wconf 94' lang='grc' dir='ltr'><em>Ν</em></span> <span class='ocrx_word' id='word_1_609' title='bbox 1810 4205 1861 4256; x_wconf 88' lang='grc'>598</span> <span class='ocrx_word' id='word_1_610' title='bbox 1880 4203 1908 4270; x_wconf 89' lang='lat' dir='ltr'>b,</span> <span class='ocrx_word' id='word_1_611' title='bbox 1930 4201 1959 4254; x_wconf 88' lang='grc'>9*</span> 
     </span>
     <span class='ocr_line' id='line_1_36' title="bbox 401 4293 2397 4362; baseline -0.001 -18"><span class='ocrx_word' id='word_1_612' title='bbox 401 4293 513 4358; x_wconf 77' lang='lat' dir='ltr'>gnitutlo</span> <span class='ocrx_word' id='word_1_613' title='bbox 532 4293 542 4344; x_wconf 96' lang='lat' dir='ltr'>l</span> <span class='ocrx_word' id='word_1_614' title='bbox 561 4293 612 4344; x_wconf 89' lang='grc'>393</span> <span class='ocrx_word' id='word_1_615' title='bbox 632 4293 660 4344; x_wconf 90' lang='grc'>9*</span> <span class='ocrx_word' id='word_1_616' title='bbox 680 4319 714 4332; x_wconf 90' lang='grc'>-</span> <span class='ocrx_word' id='word_1_617' title='bbox 734 4295 759 4346; x_wconf 91' lang='grc'>99</span> <span class='ocrx_word' id='word_1_618' title='bbox 780 4293 1045 4362; x_wconf 89' lang='lat' dir='ltr'>Deononeslquan·</span> <span class='ocrx_word' id='word_1_619' title='bbox 1082 4293 1634 4362; x_wconf 69' lang='grc'>(999(999199919199919199199113989.</span> <span class='ocrx_word' id='word_1_620' title='bbox 1656 4297 1720 4346; x_wconf 86' lang='lat'>6-</span> <span class='ocrx_word' id='word_1_621' title='bbox 1809 4293 2160 4356; x_wconf 83' lang='lat' dir='ltr'>-rersnnapraedicatnr</span> <span class='ocrx_word' id='word_1_622' title='bbox 2183 4298 2211 4344; x_wconf 92' lang='grc'>91</span> <span class='ocrx_word' id='word_1_623' title='bbox 2230 4293 2315 4358; x_wconf 89' lang='lat' dir='ltr'>quisi</span> <span class='ocrx_word' id='word_1_624' title='bbox 2345 4293 2397 4344; x_wconf 87' lang='grc'>199</span> 
     </span>
     <span class='ocr_line' id='line_1_37' title="bbox 402 4377 2307 4446; baseline -0.001 -12"><span class='ocrx_word' id='word_1_625' title='bbox 402 4383 459 4434; x_wconf 87' lang='grc'>19199</span> <span class='ocrx_word' id='word_1_626' title='bbox 477 4383 598 4434; x_wconf 90' lang='lat' dir='ltr'>continua</span> <span class='ocrx_word' id='word_1_627' title='bbox 619 4393 666 4434; x_wconf 89' lang='lat' dir='ltr'>nec</span> <span class='ocrx_word' id='word_1_628' title='bbox 686 4381 799 4434; x_wconf 89' lang='lat' dir='ltr'>discreta</span> <span class='ocrx_word' id='word_1_629' title='bbox 819 4383 825 4432; x_wconf 94' lang='lat' dir='ltr'>l</span> <span class='ocrx_word' id='word_1_630' title='bbox 846 4383 897 4434; x_wconf 84' lang='grc'>395</span> <span class='ocrx_word' id='word_1_631' title='bbox 911 4397 936 4436; x_wconf 89' lang='grc'>9.</span> <span class='ocrx_word' id='word_1_632' title='bbox 949 4381 1001 4434; x_wconf 87' lang='grc'>996</span> <span class='ocrx_word' id='word_1_633' title='bbox 1016 4381 1047 4434; x_wconf 91' lang='grc'>9*</span> <span class='ocrx_word' id='word_1_634' title='bbox 1080 4389 1121 4436; x_wconf 90' lang='grc'>991</span> <span class='ocrx_word' id='word_1_635' title='bbox 1139 4383 1251 4446; x_wconf 83' lang='lat' dir='ltr'>privatio</span> <span class='ocrx_word' id='word_1_636' title='bbox 1271 4389 1359 4436; x_wconf 88' lang='lat' dir='ltr'>motus</span> <span class='ocrx_word' id='word_1_637' title='bbox 1376 4389 1402 4434; x_wconf 93' lang='lat' dir='ltr'>et</span> <span class='ocrx_word' id='word_1_638' title='bbox 1421 4383 1523 4446; x_wconf 87' lang='lat' dir='ltr'>laboris,</span> <span class='ocrx_word' id='word_1_639' title='bbox 1544 4383 1584 4434; x_wconf 88' lang='lat' dir='ltr'>vel</span> <span class='ocrx_word' id='word_1_640' title='bbox 1605 4383 1715 4436; x_wconf 89' lang='lat' dir='ltr'>cessatio</span> <span class='ocrx_word' id='word_1_641' title='bbox 1734 4423 1735 4428; x_wconf 56' lang='grc'>,</span> <span class='ocrx_word' id='word_1_642' title='bbox 1757 4381 1782 4432; x_wconf 89' lang='lat' dir='ltr'>d.</span> <span class='ocrx_word' id='word_1_643' title='bbox 1802 4381 1826 4434; x_wconf 90' lang='grc'>3.</span> <span class='ocrx_word' id='word_1_644' title='bbox 1847 4379 1896 4432; x_wconf 91' lang='grc'>369</span> <span class='ocrx_word' id='word_1_645' title='bbox 1918 4377 1955 4432; x_wconf 73' lang='lat' dir='ltr'>V.</span> <span class='ocrx_word' id='word_1_646' title='bbox 1976 4377 2026 4430; x_wconf 88' lang='grc'>909</span> <span class='ocrx_word' id='word_1_647' title='bbox 2045 4379 2070 4432; x_wconf 89' lang='lat' dir='ltr'>b.</span> <span class='ocrx_word' id='word_1_648' title='bbox 2093 4379 2142 4432; x_wconf 88' lang='grc'>959</span> <span class='ocrx_word' id='word_1_649' title='bbox 2162 4380 2187 4433; x_wconf 91' lang='lat' dir='ltr'>b.</span> <span class='ocrx_word' id='word_1_650' title='bbox 2210 4381 2254 4434; x_wconf 89' lang='grc'>969</span> <span class='ocrx_word' id='word_1_651' title='bbox 2280 4379 2307 4434; x_wconf 90' lang='grc'>6*</span> 
     </span>
     <span class='ocr_line' id='line_1_38' title="bbox 402 4469 2397 4536; baseline 0.001 -14"><span class='ocrx_word' id='word_1_652' title='bbox 402 4497 437 4506; x_wconf 89' lang='lat'><em>-</em></span> <span class='ocrx_word' id='word_1_653' title='bbox 460 4471 563 4522; x_wconf 88' lang='lat' dir='ltr'>virtutis</span> <span class='ocrx_word' id='word_1_654' title='bbox 589 4471 644 4522; x_wconf 88' lang='lat' dir='ltr'>sola</span> <span class='ocrx_word' id='word_1_655' title='bbox 669 4473 708 4522; x_wconf 90' lang='lat' dir='ltr'>est</span> <span class='ocrx_word' id='word_1_656' title='bbox 736 4473 760 4522; x_wconf 87' lang='grc'>99</span> <span class='ocrx_word' id='word_1_657' title='bbox 789 4469 857 4536; x_wconf 89' lang='lat' dir='ltr'>Deo,</span> <span class='ocrx_word' id='word_1_658' title='bbox 884 4484 932 4524; x_wconf 92' lang='lat' dir='ltr'>nec</span> <span class='ocrx_word' id='word_1_659' title='bbox 956 4471 1046 4524; x_wconf 90' lang='lat' dir='ltr'>distin·</span> <span class='ocrx_word' id='word_1_660' title='bbox 1081 4469 1214 4534; x_wconf 89' lang='lat' dir='ltr'>abopere</span> <span class='ocrx_word' id='word_1_661' title='bbox 1235 4469 1356 4522; x_wconf 89' lang='grc'>113879</span> <span class='ocrx_word' id='word_1_662' title='bbox 1808 4469 2209 4536; x_wconf 84' lang='lat' dir='ltr'>Quonasr—estresnaturae</span> <span class='ocrx_word' id='word_1_663' title='bbox 2228 4473 2236 4522; x_wconf 93' lang='lat' dir='ltr'>i</span> <span class='ocrx_word' id='word_1_664' title='bbox 2256 4471 2307 4522; x_wconf 88' lang='grc'>369</span> <span class='ocrx_word' id='word_1_665' title='bbox 2327 4485 2343 4524; x_wconf 89' lang='lat' dir='ltr'>a</span> <span class='ocrx_word' id='word_1_666' title='bbox 2361 4497 2397 4512; x_wconf 90' lang='lat'><em>-</em></span> 
     </span>
    </p>
   </div>
   <div class='ocr_carea' id='block_1_9' title="bbox 326 4557 2454 6930">
    <p class='ocr_par' dir='ltr' id='par_1_14' title="bbox 326 4557 2454 6930">
     <span class='ocr_line' id='line_1_39' title="bbox 401 4557 2394 4624; baseline -0.001 -14"><span class='ocrx_word' id='word_1_667' title='bbox 401 4559 492 4622; x_wconf 76' lang='lat' dir='ltr'>guitur</span> <span class='ocrx_word' id='word_1_668' title='bbox 512 4563 600 4610; x_wconf 90' lang='lat' dir='ltr'>contra</span> <span class='ocrx_word' id='word_1_669' title='bbox 621 4557 684 4610; x_wconf 86' lang='grc'>91999</span> <span class='ocrx_word' id='word_1_670' title='bbox 701 4559 857 4624; x_wconf 88' lang='lat' dir='ltr'>quantitates</span> <span class='ocrx_word' id='word_1_671' title='bbox 876 4561 883 4612; x_wconf 97' lang='lat' dir='ltr'>l</span> <span class='ocrx_word' id='word_1_672' title='bbox 903 4559 954 4612; x_wconf 89' lang='grc'>395</span> <span class='ocrx_word' id='word_1_673' title='bbox 975 4575 1045 4612; x_wconf 86' lang='grc'>9-</span> <span class='ocrx_word' id='word_1_674' title='bbox 1133 4585 1169 4596; x_wconf 94' lang='grc'>-</span> <span class='ocrx_word' id='word_1_675' title='bbox 1187 4559 1335 4612; x_wconf 88' lang='lat' dir='ltr'>Secundum</span> <span class='ocrx_word' id='word_1_676' title='bbox 1351 4563 1524 4624; x_wconf 67' lang='lat' dir='ltr'>angustinum</span> <span class='ocrx_word' id='word_1_677' title='bbox 1539 4563 1608 4614; x_wconf 87' lang='lat' dir='ltr'>Deus</span> <span class='ocrx_word' id='word_1_678' title='bbox 1622 4563 1719 4614; x_wconf 87' lang='lat' dir='ltr'>dicitur</span> <span class='ocrx_word' id='word_1_679' title='bbox 1754 4559 1977 4614; x_wconf 87' lang='lat' dir='ltr'>estsubstantlal</span> <span class='ocrx_word' id='word_1_680' title='bbox 1997 4557 2205 4612; x_wconf 79' lang='lat' dir='ltr'>eloe-dicit</span> <span class='ocrx_word' id='word_1_681' title='bbox 2225 4561 2394 4624; x_wconf 88' lang='lat' dir='ltr'>esseinsup·</span> 
     </span>
     <span class='ocr_line' id='line_1_40' title="bbox 400 4647 2394 4716; baseline 0.001 -20"><span class='ocrx_word' id='word_1_682' title='bbox 400 4647 505 4698; x_wconf 87' lang='lat' dir='ltr'>virtutis</span> <span class='ocrx_word' id='word_1_683' title='bbox 522 4659 630 4698; x_wconf 80' lang='lat' dir='ltr'>sumine</span> <span class='ocrx_word' id='word_1_684' title='bbox 645 4647 751 4709; x_wconf 92' lang='lat' dir='ltr'>ponitur</span> <span class='ocrx_word' id='word_1_685' title='bbox 768 4647 795 4698; x_wconf 93' lang='lat' dir='ltr'>tn</span> <span class='ocrx_word' id='word_1_686' title='bbox 815 4647 1042 4700; x_wconf 83' lang='lat' dir='ltr'>divinisl3t3a</span> <span class='ocrx_word' id='word_1_687' title='bbox 1080 4647 1245 4716; x_wconf 86' lang='lat' dir='ltr'>requiescere</span> <span class='ocrx_word' id='word_1_688' title='bbox 1268 4649 1406 4700; x_wconf 88' lang='lat' dir='ltr'>causaliter</span> <span class='ocrx_word' id='word_1_689' title='bbox 1430 4649 1446 4702; x_wconf 96' lang='lat' dir='ltr'>ll</span> <span class='ocrx_word' id='word_1_690' title='bbox 1473 4647 1524 4702; x_wconf 88' lang='grc'>387</span> <span class='ocrx_word' id='word_1_691' title='bbox 1550 4647 1576 4698; x_wconf 84' lang='grc'>3*</span> <span class='ocrx_word' id='word_1_692' title='bbox 1601 4647 1663 4704; x_wconf 86' lang='lat' dir='ltr'>Vide</span> <span class='ocrx_word' id='word_1_693' title='bbox 1686 4649 1716 4704; x_wconf 89' lang='lat' dir='ltr'>V.</span> <span class='ocrx_word' id='word_1_694' title='bbox 1755 4647 1995 4712; x_wconf 84' lang='lat' dir='ltr'>positoindividuo</span> <span class='ocrx_word' id='word_1_695' title='bbox 2015 4647 2023 4698; x_wconf 96' lang='lat' dir='ltr'>l</span> <span class='ocrx_word' id='word_1_696' title='bbox 2044 4647 2094 4698; x_wconf 90' lang='grc'>363</span> <span class='ocrx_word' id='word_1_697' title='bbox 2114 4647 2131 4698; x_wconf 90' lang='lat' dir='ltr'>b</span> <span class='ocrx_word' id='word_1_698' title='bbox 2151 4677 2185 4684; x_wconf 91' lang='lat'>-</span> <span class='ocrx_word' id='word_1_699' title='bbox 2205 4649 2337 4714; x_wconf 84' lang='lat' dir='ltr'>Quantum</span> <span class='ocrx_word' id='word_1_700' title='bbox 2357 4649 2394 4700; x_wconf 89' lang='lat' dir='ltr'>ad</span> 
     </span>
     <span class='ocr_line' id='line_1_41' title="bbox 399 4721 2393 4800; baseline 0.005 -20"><span class='ocrx_word' id='word_1_701' title='bbox 399 4761 436 4770; x_wconf 85' lang='grc'><strong>-</strong></span> <span class='ocrx_word' id='word_1_702' title='bbox 454 4733 558 4788; x_wconf 86' lang='lat' dir='ltr'>virtutis</span> <span class='ocrx_word' id='word_1_703' title='bbox 576 4735 726 4800; x_wconf 89' lang='lat' dir='ltr'>simpliciter</span> <span class='ocrx_word' id='word_1_704' title='bbox 746 4735 861 4800; x_wconf 90' lang='lat' dir='ltr'>perlecta</span> <span class='ocrx_word' id='word_1_705' title='bbox 880 4741 919 4788; x_wconf 92' lang='lat' dir='ltr'>est</span> <span class='ocrx_word' id='word_1_706' title='bbox 938 4737 961 4788; x_wconf 95' lang='lat' dir='ltr'>in</span> <span class='ocrx_word' id='word_1_707' title='bbox 990 4737 1042 4788; x_wconf 87' lang='lat' dir='ltr'>Deo</span> <span class='ocrx_word' id='word_1_708' title='bbox 1082 4735 1149 4790; x_wconf 84' lang='lat' dir='ltr'>Dies.</span> <span class='ocrx_word' id='word_1_709' title='bbox 1358 4765 1359 4768; x_wconf 61' lang='lat'><em>=</em></span> <span class='ocrx_word' id='word_1_710' title='bbox 1754 4749 1812 4788; x_wconf 89' lang='lat' dir='ltr'>csse</span> <span class='ocrx_word' id='word_1_711' title='bbox 1830 4737 1991 4788; x_wconf 84' lang='lat' dir='ltr'>individuale</span> <span class='ocrx_word' id='word_1_712' title='bbox 2018 4737 2103 4788; x_wconf 85' lang='lat' dir='ltr'>estin</span> <span class='ocrx_word' id='word_1_713' title='bbox 2129 4735 2210 4788; x_wconf 88' lang='lat' dir='ltr'>rebus</span> <span class='ocrx_word' id='word_1_714' title='bbox 2237 4721 2393 4800; x_wconf 88' lang='lat' dir='ltr'>compositio</span> 
     </span>
     <span class='ocr_line' id='line_1_42' title="bbox 401 4813 2374 4892; baseline 0.001 -16"><span class='ocrx_word' id='word_1_715' title='bbox 401 4813 788 4888; x_wconf 78' lang='grc'>99999919919999919999999991</span> <span class='ocrx_word' id='word_1_716' title='bbox 810 4825 860 4876; x_wconf 90' lang='grc'>397</span> <span class='ocrx_word' id='word_1_717' title='bbox 880 4839 893 4878; x_wconf 89' lang='grc'>9</span> <span class='ocrx_word' id='word_1_718' title='bbox 1132 4851 1167 4860; x_wconf 89' lang='lat'><em>-</em></span> <span class='ocrx_word' id='word_1_719' title='bbox 1187 4837 1290 4876; x_wconf 83' lang='lat' dir='ltr'>sumitaa</span> <span class='ocrx_word' id='word_1_720' title='bbox 1310 4827 1387 4878; x_wconf 86' lang='grc'>99199</span> <span class='ocrx_word' id='word_1_721' title='bbox 1410 4825 1461 4878; x_wconf 88' lang='lat' dir='ltr'>Deo</span> <span class='ocrx_word' id='word_1_722' title='bbox 1483 4826 1587 4878; x_wconf 87' lang='grc'>11969.</span> <span class='ocrx_word' id='word_1_723' title='bbox 1610 4827 1623 4878; x_wconf 88' lang='grc'>9</span> <span class='ocrx_word' id='word_1_724' title='bbox 1754 4827 1881 4892; x_wconf 88' lang='lat' dir='ltr'>quantum</span> <span class='ocrx_word' id='word_1_725' title='bbox 1901 4825 1932 4876; x_wconf 88' lang='lat' dir='ltr'>acl</span> <span class='ocrx_word' id='word_1_726' title='bbox 1954 4825 2024 4892; x_wconf 89' lang='lat' dir='ltr'>quod</span> <span class='ocrx_word' id='word_1_727' title='bbox 2039 4831 2076 4878; x_wconf 91' lang='lat' dir='ltr'>est</span> <span class='ocrx_word' id='word_1_728' title='bbox 2095 4833 2119 4878; x_wconf 92' lang='lat' dir='ltr'>et</span> <span class='ocrx_word' id='word_1_729' title='bbox 2138 4827 2196 4890; x_wconf 90' lang='lat' dir='ltr'>quis</span> <span class='ocrx_word' id='word_1_730' title='bbox 2213 4835 2250 4878; x_wconf 89' lang='lat' dir='ltr'>est</span> <span class='ocrx_word' id='word_1_731' title='bbox 2271 4827 2289 4878; x_wconf 96' lang='lat' dir='ltr'>ll</span> <span class='ocrx_word' id='word_1_732' title='bbox 2309 4827 2337 4878; x_wconf 89' lang='grc'>91</span> <span class='ocrx_word' id='word_1_733' title='bbox 2361 4839 2374 4878; x_wconf 89' lang='grc'>9</span> 
     </span>
     <span class='ocr_line' id='line_1_43' title="bbox 455 4911 2392 4980; baseline 0.001 -18"><span class='ocrx_word' id='word_1_734' title='bbox 455 4941 488 4950; x_wconf 92' lang='lat'>-</span> <span class='ocrx_word' id='word_1_735' title='bbox 508 4911 638 4978; x_wconf 81' lang='lat' dir='ltr'>Quantum</span> <span class='ocrx_word' id='word_1_736' title='bbox 657 4919 687 4966; x_wconf 92' lang='lat' dir='ltr'>ut</span> <span class='ocrx_word' id='word_1_737' title='bbox 704 4911 863 4964; x_wconf 88' lang='lat' dir='ltr'>adverbium</span> <span class='ocrx_word' id='word_1_738' title='bbox 882 4913 1040 4980; x_wconf 91' lang='lat' dir='ltr'>dicitquan-</span> <span class='ocrx_word' id='word_1_739' title='bbox 1132 4941 1167 4950; x_wconf 90' lang='lat'>-·-</span> <span class='ocrx_word' id='word_1_740' title='bbox 1187 4911 1314 4980; x_wconf 86' lang='lat' dir='ltr'>Quietatio</span> <span class='ocrx_word' id='word_1_741' title='bbox 1337 4917 1443 4978; x_wconf 88' lang='lat' dir='ltr'>respicit</span> <span class='ocrx_word' id='word_1_742' title='bbox 1467 4917 1593 4968; x_wconf 90' lang='lat' dir='ltr'>rationem</span> <span class='ocrx_word' id='word_1_743' title='bbox 1622 4917 1681 4968; x_wconf 90' lang='lat' dir='ltr'>linis</span> <span class='ocrx_word' id='word_1_744' title='bbox 1709 4917 1716 4968; x_wconf 95' lang='grc'>1</span> <span class='ocrx_word' id='word_1_745' title='bbox 1808 4943 1844 4950; x_wconf 90' lang='grc'>-</span> <span class='ocrx_word' id='word_1_746' title='bbox 1863 4911 2037 4978; x_wconf 87' lang='lat' dir='ltr'>inomnibus,</span> <span class='ocrx_word' id='word_1_747' title='bbox 2057 4913 2392 4980; x_wconf 85' lang='lat' dir='ltr'>quaedilieruntnnmaro,</span> 
     </span>
     <span class='ocr_line' id='line_1_44' title="bbox 399 5001 2396 5070; baseline 0.001 -18"><span class='ocrx_word' id='word_1_748' title='bbox 399 5001 497 5052; x_wconf 91' lang='lat' dir='ltr'>litatem</span> <span class='ocrx_word' id='word_1_749' title='bbox 521 5007 609 5062; x_wconf 89' lang='lat' dir='ltr'>actus,</span> <span class='ocrx_word' id='word_1_750' title='bbox 635 5007 661 5052; x_wconf 94' lang='lat' dir='ltr'>ut</span> <span class='ocrx_word' id='word_1_751' title='bbox 681 5013 774 5052; x_wconf 89' lang='lat' dir='ltr'>nomen</span> <span class='ocrx_word' id='word_1_752' title='bbox 803 5003 971 5070; x_wconf 88' lang='lat' dir='ltr'>quantitatem</span> <span class='ocrx_word' id='word_1_753' title='bbox 994 5013 1041 5058; x_wconf 91' lang='lat' dir='ltr'>ter·</span> <span class='ocrx_word' id='word_1_754' title='bbox 1079 5001 1158 5052; x_wconf 85' lang='grc'>369.</span> <span class='ocrx_word' id='word_1_755' title='bbox 1188 5001 1202 5052; x_wconf 91' lang='grc'>3</span> <span class='ocrx_word' id='word_1_756' title='bbox 1234 5001 1296 5054; x_wconf 83' lang='lat' dir='ltr'>Vide</span> <span class='ocrx_word' id='word_1_757' title='bbox 1319 5001 1347 5054; x_wconf 93' lang='lat' dir='ltr'>V.</span> <span class='ocrx_word' id='word_1_758' title='bbox 1373 5001 1446 5058; x_wconf 84' lang='lat' dir='ltr'>Finis</span> <span class='ocrx_word' id='word_1_759' title='bbox 1469 5001 1499 5056; x_wconf 80' lang='lat'>5.</span> <span class='ocrx_word' id='word_1_760' title='bbox 1520 5033 1554 5042; x_wconf 94' lang='lat'>—</span> <span class='ocrx_word' id='word_1_761' title='bbox 1577 5005 1717 5070; x_wconf 84' lang='lat' dir='ltr'>Quiescere</span> <span class='ocrx_word' id='word_1_762' title='bbox 1754 5009 1908 5056; x_wconf 86' lang='lat' dir='ltr'>numeratur</span> <span class='ocrx_word' id='word_1_763' title='bbox 1933 5003 2020 5064; x_wconf 91' lang='lat' dir='ltr'>ipsum</span> <span class='ocrx_word' id='word_1_764' title='bbox 2048 5001 2118 5068; x_wconf 90' lang='lat' dir='ltr'>quod</span> <span class='ocrx_word' id='word_1_765' title='bbox 2148 5007 2186 5054; x_wconf 90' lang='lat' dir='ltr'>est</span> <span class='ocrx_word' id='word_1_766' title='bbox 2215 5001 2292 5054; x_wconf 87' lang='grc'>1363</span> <span class='ocrx_word' id='word_1_767' title='bbox 2321 5001 2396 5054; x_wconf 88' lang='lat' dir='ltr'>b·-</span> 
     </span>
     <span class='ocr_line' id='line_1_45' title="bbox 400 5085 2394 5160; baseline 0.002 -22"><span class='ocrx_word' id='word_1_768' title='bbox 400 5089 462 5140; x_wconf 91' lang='lat' dir='ltr'>mini</span> <span class='ocrx_word' id='word_1_769' title='bbox 485 5089 502 5140; x_wconf 95' lang='lat' dir='ltr'>ll</span> <span class='ocrx_word' id='word_1_770' title='bbox 523 5089 575 5140; x_wconf 89' lang='grc'>993</span> <span class='ocrx_word' id='word_1_771' title='bbox 594 5085 612 5138; x_wconf 93' lang='lat' dir='ltr'>b</span> <span class='ocrx_word' id='word_1_772' title='bbox 631 5087 689 5142; x_wconf 86' lang='lat' dir='ltr'>aide</span> <span class='ocrx_word' id='word_1_773' title='bbox 710 5087 741 5142; x_wconf 88' lang='lat' dir='ltr'>V.</span> <span class='ocrx_word' id='word_1_774' title='bbox 759 5089 910 5158; x_wconf 83' lang='lat' dir='ltr'>Propertio.</span> <span class='ocrx_word' id='word_1_775' title='bbox 1078 5097 1118 5144; x_wconf 91' lang='lat' dir='ltr'>est</span> <span class='ocrx_word' id='word_1_776' title='bbox 1135 5091 1185 5140; x_wconf 79' lang='lat' dir='ltr'>irati</span> <span class='ocrx_word' id='word_1_777' title='bbox 1205 5091 1212 5142; x_wconf 98' lang='lat' dir='ltr'>l</span> <span class='ocrx_word' id='word_1_778' title='bbox 1233 5091 1260 5142; x_wconf 88' lang='grc'>81</span> <span class='ocrx_word' id='word_1_779' title='bbox 1286 5089 1365 5154; x_wconf 88' lang='grc'>9,3*.</span> <span class='ocrx_word' id='word_1_780' title='bbox 1385 5091 1418 5142; x_wconf 88' lang='grc'>35</span> <span class='ocrx_word' id='word_1_781' title='bbox 1438 5093 1455 5142; x_wconf 90' lang='grc'>9.</span> <span class='ocrx_word' id='word_1_782' title='bbox 1475 5091 1569 5160; x_wconf 86' lang='lat' dir='ltr'>3Vt&#39;de</span> <span class='ocrx_word' id='word_1_783' title='bbox 1586 5093 1616 5146; x_wconf 89' lang='lat' dir='ltr'>V.</span> <span class='ocrx_word' id='word_1_784' title='bbox 1633 5091 1718 5148; x_wconf 88' lang='lat' dir='ltr'>Frtti-</span> <span class='ocrx_word' id='word_1_785' title='bbox 1754 5107 1835 5144; x_wconf 81' lang='lat' dir='ltr'>uatum</span> <span class='ocrx_word' id='word_1_786' title='bbox 1857 5105 1966 5144; x_wconf 89' lang='lat' dir='ltr'>numero</span> <span class='ocrx_word' id='word_1_787' title='bbox 1991 5093 2016 5142; x_wconf 91' lang='lat' dir='ltr'>in</span> <span class='ocrx_word' id='word_1_788' title='bbox 2044 5093 2169 5142; x_wconf 90' lang='lat' dir='ltr'>creaturis</span> <span class='ocrx_word' id='word_1_789' title='bbox 2192 5105 2243 5142; x_wconf 85' lang='lat' dir='ltr'>nott</span> <span class='ocrx_word' id='word_1_790' title='bbox 2271 5097 2308 5142; x_wconf 86' lang='lat' dir='ltr'>cst</span> <span class='ocrx_word' id='word_1_791' title='bbox 2334 5091 2394 5142; x_wconf 93' lang='lat' dir='ltr'>dici·</span> 
     </span>
     <span class='ocr_line' id='line_1_46' title="bbox 453 5175 2127 5248; baseline 0.001 -20"><span class='ocrx_word' id='word_1_792' title='bbox 453 5175 701 5242; x_wconf 79' lang='lat' dir='ltr'>Qut-signiilcat</span> <span class='ocrx_word' id='word_1_793' title='bbox 718 5179 885 5242; x_wconf 91' lang='lat' dir='ltr'>suppositum</span> <span class='ocrx_word' id='word_1_794' title='bbox 905 5181 961 5232; x_wconf 82' lang='lat' dir='ltr'>sive</span> <span class='ocrx_word' id='word_1_795' title='bbox 984 5195 1040 5246; x_wconf 90' lang='lat' dir='ltr'>per·</span> <span class='ocrx_word' id='word_1_796' title='bbox 1078 5177 1178 5232; x_wconf 84' lang='lat' dir='ltr'>tio-</span> <span class='ocrx_word' id='word_1_797' title='bbox 1202 5179 1340 5244; x_wconf 84' lang='lat' dir='ltr'>Quiescere</span> <span class='ocrx_word' id='word_1_798' title='bbox 1364 5183 1387 5232; x_wconf 97' lang='lat' dir='ltr'>in</span> <span class='ocrx_word' id='word_1_799' title='bbox 1419 5181 1531 5240; x_wconf 86' lang='grc' dir='ltr'>1999991Ι</span> <span class='ocrx_word' id='word_1_800' title='bbox 1554 5195 1602 5246; x_wconf 90' lang='lat' dir='ltr'>per</span> <span class='ocrx_word' id='word_1_801' title='bbox 1628 5181 1716 5248; x_wconf 89' lang='lat' dir='ltr'>idem,</span> <span class='ocrx_word' id='word_1_802' title='bbox 1754 5179 1857 5232; x_wconf 83' lang='grc'>991999</span> <span class='ocrx_word' id='word_1_803' title='bbox 1876 5179 1995 5244; x_wconf 89' lang='lat' dir='ltr'>pluribus</span> <span class='ocrx_word' id='word_1_804' title='bbox 2014 5181 2021 5230; x_wconf 96' lang='lat' dir='ltr'>l</span> <span class='ocrx_word' id='word_1_805' title='bbox 2043 5179 2127 5230; x_wconf 90' lang='grc'>3699</span> 
     </span>
     <span class='ocr_line' id='line_1_47' title="bbox 400 5265 2391 5336; baseline 0.002 -20"><span class='ocrx_word' id='word_1_806' title='bbox 400 5277 492 5316; x_wconf 91' lang='lat' dir='ltr'>sonam</span> <span class='ocrx_word' id='word_1_807' title='bbox 512 5267 519 5316; x_wconf 96' lang='lat' dir='ltr'>l</span> <span class='ocrx_word' id='word_1_808' title='bbox 539 5265 573 5316; x_wconf 89' lang='grc'>69</span> <span class='ocrx_word' id='word_1_809' title='bbox 597 5265 674 5316; x_wconf 82' lang='grc'>(1.9.</span> <span class='ocrx_word' id='word_1_810' title='bbox 701 5265 754 5316; x_wconf 88' lang='grc'>369</span> <span class='ocrx_word' id='word_1_811' title='bbox 773 5279 801 5332; x_wconf 89' lang='grc'>9,</span> <span class='ocrx_word' id='word_1_812' title='bbox 831 5265 869 5318; x_wconf 86' lang='grc'>9*.</span> <span class='ocrx_word' id='word_1_813' title='bbox 897 5265 949 5320; x_wconf 90' lang='grc'>919</span> <span class='ocrx_word' id='word_1_814' title='bbox 969 5267 987 5322; x_wconf 84' lang='grc'>9</span> <span class='ocrx_word' id='word_1_815' title='bbox 1007 5297 1041 5306; x_wconf 88' lang='lat'>-</span> <span class='ocrx_word' id='word_1_816' title='bbox 1079 5281 1127 5332; x_wconf 89' lang='lat' dir='ltr'>per</span> <span class='ocrx_word' id='word_1_817' title='bbox 1145 5265 1215 5332; x_wconf 88' lang='lat' dir='ltr'>quad</span> <span class='ocrx_word' id='word_1_818' title='bbox 1244 5267 1356 5321; x_wconf 88' lang='lat' dir='ltr'>tenditur</span> <span class='ocrx_word' id='word_1_819' title='bbox 1380 5271 1405 5320; x_wconf 93' lang='lat' dir='ltr'>in</span> <span class='ocrx_word' id='word_1_820' title='bbox 1433 5283 1493 5322; x_wconf 92' lang='lat' dir='ltr'>eum</span> <span class='ocrx_word' id='word_1_821' title='bbox 1517 5270 1545 5322; x_wconf 93' lang='lat' dir='ltr'>ill</span> <span class='ocrx_word' id='word_1_822' title='bbox 1565 5271 1616 5322; x_wconf 92' lang='grc'>699</span> <span class='ocrx_word' id='word_1_823' title='bbox 1634 5269 1718 5322; x_wconf 84' lang='grc'>3*--</span> <span class='ocrx_word' id='word_1_824' title='bbox 1808 5299 1842 5306; x_wconf 91' lang='grc'>-</span> <span class='ocrx_word' id='word_1_825' title='bbox 1863 5269 2004 5320; x_wconf 83' lang='lat' dir='ltr'>intellectus</span> <span class='ocrx_word' id='word_1_826' title='bbox 2018 5269 2256 5332; x_wconf 72' lang='lat' dir='ltr'>potestintelligere</span> <span class='ocrx_word' id='word_1_827' title='bbox 2271 5283 2323 5336; x_wconf 93' lang='lat' dir='ltr'>qun</span> <span class='ocrx_word' id='word_1_828' title='bbox 2339 5275 2391 5334; x_wconf 87' lang='lat' dir='ltr'>est,</span> 
     </span>
     <span class='ocr_line' id='line_1_48' title="bbox 353 5351 2394 5424; baseline 0.001 -20"><span class='ocrx_word' id='word_1_829' title='bbox 353 5407 354 5410; x_wconf 60' lang='grc'>,</span> <span class='ocrx_word' id='word_1_830' title='bbox 401 5355 504 5418; x_wconf 89' lang='lat' dir='ltr'>quaerit</span> <span class='ocrx_word' id='word_1_831' title='bbox 521 5351 555 5404; x_wconf 88' lang='lat' dir='ltr'>de</span> <span class='ocrx_word' id='word_1_832' title='bbox 569 5355 705 5418; x_wconf 90' lang='lat' dir='ltr'>supposito</span> <span class='ocrx_word' id='word_1_833' title='bbox 718 5361 789 5406; x_wconf 88' lang='lat' dir='ltr'>certo</span> <span class='ocrx_word' id='word_1_834' title='bbox 809 5357 864 5408; x_wconf 86' lang='lat' dir='ltr'>sive</span> <span class='ocrx_word' id='word_1_835' title='bbox 884 5355 1038 5410; x_wconf 87' lang='lat' dir='ltr'>realill37</span> <span class='ocrx_word' id='word_1_836' title='bbox 1078 5357 1103 5406; x_wconf 93' lang='lat' dir='ltr'>in</span> <span class='ocrx_word' id='word_1_837' title='bbox 1124 5355 1272 5422; x_wconf 83' lang='lat' dir='ltr'>perficiente</span> <span class='ocrx_word' id='word_1_838' title='bbox 1292 5363 1329 5410; x_wconf 93' lang='lat' dir='ltr'>est</span> <span class='ocrx_word' id='word_1_839' title='bbox 1342 5357 1478 5410; x_wconf 86' lang='lat' dir='ltr'>delectatio</span> <span class='ocrx_word' id='word_1_840' title='bbox 1498 5359 1529 5408; x_wconf 95' lang='grc' dir='ltr'><em>Ν</em></span> <span class='ocrx_word' id='word_1_841' title='bbox 1551 5359 1716 5424; x_wconf 50' lang='lat' dir='ltr'>&#39;illiserat-t</span> <span class='ocrx_word' id='word_1_842' title='bbox 1755 5355 2082 5420; x_wconf 78' lang='lat' dir='ltr'>nonintelligendoqnod</span> <span class='ocrx_word' id='word_1_843' title='bbox 2104 5359 2168 5410; x_wconf 89' lang='lat' dir='ltr'>esti</span> <span class='ocrx_word' id='word_1_844' title='bbox 2189 5355 2394 5424; x_wconf 77' lang='lat' dir='ltr'>tion-Quo</span> 
     </span>
     <span class='ocr_line' id='line_1_49' title="bbox 400 5439 2435 5514; baseline 0.001 -22"><span class='ocrx_word' id='word_1_845' title='bbox 400 5439 429 5492; x_wconf 90' lang='grc'>7*</span> <span class='ocrx_word' id='word_1_846' title='bbox 449 5467 483 5478; x_wconf 90' lang='grc'>-</span> <span class='ocrx_word' id='word_1_847' title='bbox 503 5449 540 5494; x_wconf 89' lang='grc'>991</span> <span class='ocrx_word' id='word_1_848' title='bbox 560 5441 697 5494; x_wconf 88' lang='lat' dir='ltr'>relativum</span> <span class='ocrx_word' id='word_1_849' title='bbox 722 5443 862 5496; x_wconf 89' lang='lat' dir='ltr'>identitatis</span> <span class='ocrx_word' id='word_1_850' title='bbox 887 5445 894 5496; x_wconf 99' lang='lat' dir='ltr'>l</span> <span class='ocrx_word' id='word_1_851' title='bbox 915 5445 948 5496; x_wconf 91' lang='grc'>69</span> <span class='ocrx_word' id='word_1_852' title='bbox 968 5445 995 5496; x_wconf 85' lang='grc'>(1.</span> <span class='ocrx_word' id='word_1_853' title='bbox 1015 5445 1040 5498; x_wconf 90' lang='grc'>9.</span> <span class='ocrx_word' id='word_1_854' title='bbox 1078 5443 1717 5514; x_wconf 81' lang='lat' dir='ltr'>-nliquiddicitnrqniesceraatieumstaen-</span> <span class='ocrx_word' id='word_1_855' title='bbox 1754 5451 1794 5498; x_wconf 92' lang='lat' dir='ltr'>esl</span> <span class='ocrx_word' id='word_1_856' title='bbox 1820 5443 1980 5510; x_wconf 81' lang='lat' dir='ltr'>significatur</span> <span class='ocrx_word' id='word_1_857' title='bbox 2006 5445 2033 5494; x_wconf 87' lang='lat' dir='ltr'>itt</span> <span class='ocrx_word' id='word_1_858' title='bbox 2061 5443 2235 5498; x_wconf 86' lang='lat' dir='ltr'>abstractione</span> <span class='ocrx_word' id='word_1_859' title='bbox 2258 5443 2294 5498; x_wconf 84' lang='lat' dir='ltr'>io.</span> <span class='ocrx_word' id='word_1_860' title='bbox 2322 5445 2394 5496; x_wconf 90' lang='lat' dir='ltr'>b-</span> <span class='ocrx_word' id='word_1_861' title='bbox 2432 5475 2435 5480; x_wconf 92' lang='lat'><em>-</em></span> 
     </span>
     <span class='ocr_line' id='line_1_50' title="bbox 400 5529 2394 5598; baseline 0.003 -16"><span class='ocrx_word' id='word_1_862' title='bbox 400 5529 633 5582; x_wconf 70' lang='lat' dir='ltr'>linteatum</span> <span class='ocrx_word' id='word_1_863' title='bbox 662 5531 713 5584; x_wconf 89' lang='grc'>959</span> <span class='ocrx_word' id='word_1_864' title='bbox 743 5531 766 5584; x_wconf 90' lang='grc'>(1.</span> <span class='ocrx_word' id='word_1_865' title='bbox 792 5533 808 5584; x_wconf 88' lang='grc'>9</span> <span class='ocrx_word' id='word_1_866' title='bbox 831 5531 894 5586; x_wconf 87' lang='lat' dir='ltr'>Vide</span> <span class='ocrx_word' id='word_1_867' title='bbox 917 5533 946 5586; x_wconf 93' lang='lat' dir='ltr'>V.</span> <span class='ocrx_word' id='word_1_868' title='bbox 964 5535 1041 5588; x_wconf 82' lang='lat' dir='ltr'>ltela-</span> <span class='ocrx_word' id='word_1_869' title='bbox 1079 5533 1113 5586; x_wconf 91' lang='lat' dir='ltr'>do</span> <span class='ocrx_word' id='word_1_870' title='bbox 1132 5539 1158 5586; x_wconf 94' lang='lat' dir='ltr'>ut</span> <span class='ocrx_word' id='word_1_871' title='bbox 1178 5535 1308 5586; x_wconf 90' lang='lat' dir='ltr'>inultimo</span> <span class='ocrx_word' id='word_1_872' title='bbox 1327 5533 1392 5598; x_wconf 86' lang='lat' dir='ltr'>tine,</span> <span class='ocrx_word' id='word_1_873' title='bbox 1413 5539 1520 5588; x_wconf 89' lang='lat' dir='ltr'>autnon</span> <span class='ocrx_word' id='word_1_874' title='bbox 1541 5535 1716 5588; x_wconf 88' lang='lat' dir='ltr'>ullerinsten-</span> <span class='ocrx_word' id='word_1_875' title='bbox 1754 5539 1779 5584; x_wconf 92' lang='lat' dir='ltr'>et</span> <span class='ocrx_word' id='word_1_876' title='bbox 1799 5547 1851 5598; x_wconf 85' lang='lat' dir='ltr'>quo</span> <span class='ocrx_word' id='word_1_877' title='bbox 1870 5535 1909 5584; x_wconf 90' lang='grc'>991</span> <span class='ocrx_word' id='word_1_878' title='bbox 1922 5531 2010 5584; x_wconf 89' lang='lat' dir='ltr'>dicunt</span> <span class='ocrx_word' id='word_1_879' title='bbox 2030 5545 2170 5586; x_wconf 89' lang='lat' dir='ltr'>commune</span> <span class='ocrx_word' id='word_1_880' title='bbox 2182 5535 2208 5586; x_wconf 92' lang='lat' dir='ltr'>in</span> <span class='ocrx_word' id='word_1_881' title='bbox 2228 5537 2394 5588; x_wconf 88' lang='lat' dir='ltr'>concretione</span> 
     </span>
     <span class='ocr_line' id='line_1_51' title="bbox 401 5615 2192 5686; baseline 0.003 -16"><span class='ocrx_word' id='word_1_882' title='bbox 401 5615 495 5670; x_wconf 87' lang='lat' dir='ltr'>tiottrtt.</span> <span class='ocrx_word' id='word_1_883' title='bbox 1079 5621 1165 5674; x_wconf 90' lang='lat' dir='ltr'>dendo</span> <span class='ocrx_word' id='word_1_884' title='bbox 1186 5623 1202 5672; x_wconf 95' lang='grc'>11</span> <span class='ocrx_word' id='word_1_885' title='bbox 1223 5617 1273 5674; x_wconf 84' lang='grc'>996</span> <span class='ocrx_word' id='word_1_886' title='bbox 1295 5619 1323 5672; x_wconf 89' lang='grc'>6*</span> <span class='ocrx_word' id='word_1_887' title='bbox 1754 5625 1779 5672; x_wconf 89' lang='grc'>91</span> <span class='ocrx_word' id='word_1_888' title='bbox 1799 5623 1821 5672; x_wconf 90' lang='grc'>99</span> <span class='ocrx_word' id='word_1_889' title='bbox 1842 5621 2013 5674; x_wconf 88' lang='lat' dir='ltr'>abstractione</span> <span class='ocrx_word' id='word_1_890' title='bbox 2033 5619 2155 5686; x_wconf 87' lang='grc'>19999,</span> <span class='ocrx_word' id='word_1_891' title='bbox 2176 5623 2192 5676; x_wconf 87' lang='lat' dir='ltr'>b</span> 
     </span>
     <span class='ocr_line' id='line_1_52' title="bbox 454 5705 2394 5776; baseline 0.005 -23"><span class='ocrx_word' id='word_1_892' title='bbox 454 5731 489 5742; x_wconf 88' lang='lat'>--</span> <span class='ocrx_word' id='word_1_893' title='bbox 509 5705 558 5770; x_wconf 73' lang='grc'>999</span> <span class='ocrx_word' id='word_1_894' title='bbox 577 5709 615 5756; x_wconf 84' lang='grc'>991</span> <span class='ocrx_word' id='word_1_895' title='bbox 633 5705 691 5760; x_wconf 88' lang='lat' dir='ltr'>eide</span> <span class='ocrx_word' id='word_1_896' title='bbox 713 5705 742 5758; x_wconf 91' lang='lat' dir='ltr'>V.</span> <span class='ocrx_word' id='word_1_897' title='bbox 761 5707 834 5760; x_wconf 86' lang='lat' dir='ltr'>Esse.</span> <span class='ocrx_word' id='word_1_898' title='bbox 1131 5737 1165 5748; x_wconf 82' lang='lat'>··-</span> <span class='ocrx_word' id='word_1_899' title='bbox 1190 5709 1317 5774; x_wconf 88' lang='lat' dir='ltr'>Quietatio</span> <span class='ocrx_word' id='word_1_900' title='bbox 1339 5719 1379 5764; x_wconf 90' lang='lat' dir='ltr'>est</span> <span class='ocrx_word' id='word_1_901' title='bbox 1400 5711 1541 5762; x_wconf 85' lang='lat' dir='ltr'>voltrntatis</span> <span class='ocrx_word' id='word_1_902' title='bbox 1565 5713 1573 5762; x_wconf 97' lang='lat' dir='ltr'>l</span> <span class='ocrx_word' id='word_1_903' title='bbox 1593 5711 1627 5764; x_wconf 90' lang='grc'>35</span> <span class='ocrx_word' id='word_1_904' title='bbox 1655 5711 1673 5762; x_wconf 88' lang='grc'>1.</span> <span class='ocrx_word' id='word_1_905' title='bbox 1701 5711 1710 5762; x_wconf 90' lang='lat' dir='ltr'>i</span> <span class='ocrx_word' id='word_1_906' title='bbox 1808 5739 1841 5748; x_wconf 94' lang='lat'><em>-</em></span> <span class='ocrx_word' id='word_1_907' title='bbox 1862 5711 1918 5776; x_wconf 78' lang='lat' dir='ltr'>Quo</span> <span class='ocrx_word' id='word_1_908' title='bbox 1937 5717 1976 5762; x_wconf 92' lang='lat' dir='ltr'>est</span> <span class='ocrx_word' id='word_1_909' title='bbox 1995 5709 2182 5764; x_wconf 86' lang='lat' dir='ltr'>determinatur</span> <span class='ocrx_word' id='word_1_910' title='bbox 2201 5725 2248 5776; x_wconf 89' lang='lat' dir='ltr'>per</span> <span class='ocrx_word' id='word_1_911' title='bbox 2268 5725 2352 5776; x_wconf 81' lang='lat' dir='ltr'>genus</span> <span class='ocrx_word' id='word_1_912' title='bbox 2369 5719 2394 5764; x_wconf 90' lang='lat' dir='ltr'>et</span> 
     </span>
     <span class='ocr_line' id='line_1_53' title="bbox 453 5793 2391 5866; baseline 0.004 -22"><span class='ocrx_word' id='word_1_913' title='bbox 453 5793 906 5858; x_wconf 76' lang='grc'>9999-699991991999999991911</span> <span class='ocrx_word' id='word_1_914' title='bbox 926 5799 987 5864; x_wconf 89' lang='lat' dir='ltr'>qnia</span> <span class='ocrx_word' id='word_1_915' title='bbox 1008 5799 1040 5850; x_wconf 97' lang='grc' dir='ltr'><em>Ν</em></span> <span class='ocrx_word' id='word_1_916' title='bbox 1081 5795 1143 5850; x_wconf 85' lang='lat' dir='ltr'>Vide</span> <span class='ocrx_word' id='word_1_917' title='bbox 1165 5797 1195 5848; x_wconf 92' lang='lat' dir='ltr'>V.</span> <span class='ocrx_word' id='word_1_918' title='bbox 1212 5795 1326 5850; x_wconf 89' lang='lat' dir='ltr'>Fruitio.</span> <span class='ocrx_word' id='word_1_919' title='bbox 1347 5827 1382 5836; x_wconf 94' lang='lat'>—</span> <span class='ocrx_word' id='word_1_920' title='bbox 1406 5799 1546 5850; x_wconf 90' lang='lat' dir='ltr'>attenditur</span> <span class='ocrx_word' id='word_1_921' title='bbox 1571 5811 1650 5862; x_wconf 90' lang='lat' dir='ltr'>penes</span> <span class='ocrx_word' id='word_1_922' title='bbox 1671 5813 1716 5864; x_wconf 90' lang='lat' dir='ltr'>ap·</span> <span class='ocrx_word' id='word_1_923' title='bbox 1754 5799 2391 5866; x_wconf 70' lang='grc'>999999913339-999991991999991191</span> 
     </span>
     <span class='ocr_line' id='line_1_54' title="bbox 390 5877 2454 5956; baseline 0.004 -24"><span class='ocrx_word' id='word_1_924' title='bbox 390 5877 489 5932; x_wconf 84' lang='lat' dir='ltr'>-t88b</span> <span class='ocrx_word' id='word_1_925' title='bbox 1077 5883 1717 5950; x_wconf 60' lang='grc'>[99111999113799993-9999999991999·</span> <span class='ocrx_word' id='word_1_926' title='bbox 1755 5885 1956 5940; x_wconf 33' lang='lat' dir='ltr'>tolon-Tota</span> <span class='ocrx_word' id='word_1_927' title='bbox 1979 5885 2394 5956; x_wconf 87' lang='lat' dir='ltr'>reisubstantiaconstatexquo</span> <span class='ocrx_word' id='word_1_928' title='bbox 2450 5911 2454 5918; x_wconf 85' lang='grc'><em>·</em></span> 
     </span>
     <span class='ocr_line' id='line_1_55' title="bbox 455 5967 2392 6044; baseline 0.004 -22"><span class='ocrx_word' id='word_1_929' title='bbox 455 5969 573 6036; x_wconf 76' lang='grc'>9911)-</span> <span class='ocrx_word' id='word_1_930' title='bbox 592 5969 693 6036; x_wconf 85' lang='lat' dir='ltr'>quaerit</span> <span class='ocrx_word' id='word_1_931' title='bbox 711 5967 871 6022; x_wconf 85' lang='grc'>(9999999119</span> <span class='ocrx_word' id='word_1_932' title='bbox 891 5971 964 6024; x_wconf 89' lang='grc'>1397</span> <span class='ocrx_word' id='word_1_933' title='bbox 983 5985 1039 6036; x_wconf 81' lang='lat' dir='ltr'>erg.</span> <span class='ocrx_word' id='word_1_934' title='bbox 1077 5973 1143 6024; x_wconf 88' lang='lat' dir='ltr'>iccio</span> <span class='ocrx_word' id='word_1_935' title='bbox 1162 5985 1176 6020; x_wconf 87' lang='lat' dir='ltr'>a</span> <span class='ocrx_word' id='word_1_936' title='bbox 1196 5973 1329 6024; x_wconf 87' lang='lat' dir='ltr'>voluntate</span> <span class='ocrx_word' id='word_1_937' title='bbox 1348 5973 1478 6024; x_wconf 88' lang='lat' dir='ltr'>redundat</span> <span class='ocrx_word' id='word_1_938' title='bbox 1497 5977 1520 6024; x_wconf 93' lang='lat' dir='ltr'>in</span> <span class='ocrx_word' id='word_1_939' title='bbox 1540 5975 1602 6028; x_wconf 89' lang='lat' dir='ltr'>alias</span> <span class='ocrx_word' id='word_1_940' title='bbox 1622 5977 1711 6030; x_wconf 84' lang='lat' dir='ltr'>viresl</span> <span class='ocrx_word' id='word_1_941' title='bbox 1754 5982 1794 6029; x_wconf 92' lang='lat' dir='ltr'>est</span> <span class='ocrx_word' id='word_1_942' title='bbox 1806 5981 1830 6030; x_wconf 88' lang='lat' dir='ltr'>at</span> <span class='ocrx_word' id='word_1_943' title='bbox 1849 5977 1920 6044; x_wconf 91' lang='lat' dir='ltr'>quod</span> <span class='ocrx_word' id='word_1_944' title='bbox 1939 5983 1978 6042; x_wconf 83' lang='lat' dir='ltr'>est</span> <span class='ocrx_word' id='word_1_945' title='bbox 2000 5977 2018 6030; x_wconf 96' lang='lat' dir='ltr'>ll</span> <span class='ocrx_word' id='word_1_946' title='bbox 2039 5975 2392 6044; x_wconf 80' lang='grc'>359*-1991999,([99(1</span> 
     </span>
     <span class='ocr_line' id='line_1_56' title="bbox 401 6055 2394 6132; baseline 0.005 -22"><span class='ocrx_word' id='word_1_947' title='bbox 401 6057 425 6110; x_wconf 87' lang='lat' dir='ltr'>l.</span> <span class='ocrx_word' id='word_1_948' title='bbox 441 6059 485 6110; x_wconf 85' lang='grc'>951</span> <span class='ocrx_word' id='word_1_949' title='bbox 511 6059 528 6114; x_wconf 89' lang='lat' dir='ltr'>i.</span> <span class='ocrx_word' id='word_1_950' title='bbox 541 6057 557 6110; x_wconf 88' lang='grc'>9</span> <span class='ocrx_word' id='word_1_951' title='bbox 571 6085 604 6098; x_wconf 88' lang='grc'>-</span> <span class='ocrx_word' id='word_1_952' title='bbox 624 6059 737 6114; x_wconf 89' lang='lat' dir='ltr'>Essentia</span> <span class='ocrx_word' id='word_1_953' title='bbox 752 6059 915 6124; x_wconf 89' lang='lat' dir='ltr'>praedicatur</span> <span class='ocrx_word' id='word_1_954' title='bbox 936 6067 963 6114; x_wconf 92' lang='grc'>91</span> <span class='ocrx_word' id='word_1_955' title='bbox 976 6059 1039 6128; x_wconf 90' lang='lat' dir='ltr'>quid</span> <span class='ocrx_word' id='word_1_956' title='bbox 1078 6059 1113 6112; x_wconf 91' lang='grc'>37</span> <span class='ocrx_word' id='word_1_957' title='bbox 1134 6055 1161 6108; x_wconf 83' lang='grc'>1*</span> <span class='ocrx_word' id='word_1_958' title='bbox 1754 6079 1802 6130; x_wconf 90' lang='lat' dir='ltr'>per</span> <span class='ocrx_word' id='word_1_959' title='bbox 1820 6081 1849 6118; x_wconf 87' lang='lat' dir='ltr'>se</span> <span class='ocrx_word' id='word_1_960' title='bbox 1868 6071 1918 6128; x_wconf 88' lang='lat' dir='ltr'>est,</span> <span class='ocrx_word' id='word_1_961' title='bbox 1937 6071 1976 6118; x_wconf 88' lang='lat' dir='ltr'>est</span> <span class='ocrx_word' id='word_1_962' title='bbox 2000 6065 2156 6130; x_wconf 90' lang='lat' dir='ltr'>compositio</span> <span class='ocrx_word' id='word_1_963' title='bbox 2175 6081 2205 6118; x_wconf 82' lang='grc'>99</span> <span class='ocrx_word' id='word_1_964' title='bbox 2231 6081 2284 6132; x_wconf 91' lang='lat' dir='ltr'>quo</span> <span class='ocrx_word' id='word_1_965' title='bbox 2303 6075 2342 6120; x_wconf 87' lang='lat' dir='ltr'>cst</span> <span class='ocrx_word' id='word_1_966' title='bbox 2368 6071 2394 6120; x_wconf 91' lang='lat' dir='ltr'>et</span> 
     </span>
     <span class='ocr_line' id='line_1_57' title="bbox 400 6147 2428 6222; baseline 0.003 -22"><span class='ocrx_word' id='word_1_967' title='bbox 400 6147 479 6200; x_wconf 83' lang='grc'>1199</span> <span class='ocrx_word' id='word_1_968' title='bbox 500 6149 526 6200; x_wconf 92' lang='lat' dir='ltr'>d.</span> <span class='ocrx_word' id='word_1_969' title='bbox 545 6147 572 6200; x_wconf 90' lang='lat'>3.</span> <span class='ocrx_word' id='word_1_970' title='bbox 591 6147 643 6200; x_wconf 83' lang='lat'>369</span> <span class='ocrx_word' id='word_1_971' title='bbox 662 6147 700 6202; x_wconf 69' lang='lat'>2⁹⁶.</span> <span class='ocrx_word' id='word_1_972' title='bbox 715 6147 766 6202; x_wconf 88' lang='grc'>959</span> <span class='ocrx_word' id='word_1_973' title='bbox 780 6147 807 6202; x_wconf 93' lang='lat' dir='ltr'>b.</span> <span class='ocrx_word' id='word_1_974' title='bbox 821 6147 868 6200; x_wconf 86' lang='grc'>169</span> <span class='ocrx_word' id='word_1_975' title='bbox 886 6147 914 6200; x_wconf 88' lang='grc'>6*</span> <span class='ocrx_word' id='word_1_976' title='bbox 932 6147 994 6204; x_wconf 88' lang='lat' dir='ltr'>Vide</span> <span class='ocrx_word' id='word_1_977' title='bbox 1014 6149 1039 6202; x_wconf 92' lang='lat' dir='ltr'>V.</span> <span class='ocrx_word' id='word_1_978' title='bbox 1099 6219 1100 6222; x_wconf 7' lang='grc' dir='ltr'><strong>Ἴ</strong></span> <span class='ocrx_word' id='word_1_979' title='bbox 1130 6177 1165 6186; x_wconf 90' lang='grc'>-</span> <span class='ocrx_word' id='word_1_980' title='bbox 1185 6149 1265 6200; x_wconf 85' lang='grc'>99119</span> <span class='ocrx_word' id='word_1_981' title='bbox 1285 6147 1566 6220; x_wconf 85' lang='lat' dir='ltr'>solobonolnonesto,</span> <span class='ocrx_word' id='word_1_982' title='bbox 1592 6155 1717 6222; x_wconf 88' lang='lat' dir='ltr'>quodest</span> <span class='ocrx_word' id='word_1_983' title='bbox 1754 6153 1823 6220; x_wconf 89' lang='lat' dir='ltr'>quod</span> <span class='ocrx_word' id='word_1_984' title='bbox 1844 6159 1883 6208; x_wconf 90' lang='lat' dir='ltr'>est</span> <span class='ocrx_word' id='word_1_985' title='bbox 1903 6151 2082 6206; x_wconf 84' lang='grc'>119195-</span> <span class='ocrx_word' id='word_1_986' title='bbox 2102 6161 2126 6206; x_wconf 87' lang='grc'>91</span> <span class='ocrx_word' id='word_1_987' title='bbox 2155 6167 2208 6222; x_wconf 93' lang='lat' dir='ltr'>qno</span> <span class='ocrx_word' id='word_1_988' title='bbox 2228 6159 2265 6206; x_wconf 87' lang='lat' dir='ltr'>ast</span> <span class='ocrx_word' id='word_1_989' title='bbox 2289 6167 2393 6220; x_wconf 91' lang='lat' dir='ltr'>compo·</span> <span class='ocrx_word' id='word_1_990' title='bbox 2427 6165 2428 6168; x_wconf 72' lang='grc'>’</span> 
     </span>
     <span class='ocr_line' id='line_1_58' title="bbox 403 6233 2387 6308; baseline 0.002 -18"><span class='ocrx_word' id='word_1_991' title='bbox 403 6233 740 6306; x_wconf 79' lang='grc'>19911155.-9119999(19</span> <span class='ocrx_word' id='word_1_992' title='bbox 760 6237 1041 6306; x_wconf 90' lang='lat' dir='ltr'>dicitessentiam,all·</span> <span class='ocrx_word' id='word_1_993' title='bbox 1079 6253 1143 6304; x_wconf 86' lang='lat' dir='ltr'>pure</span> <span class='ocrx_word' id='word_1_994' title='bbox 1172 6237 1268 6290; x_wconf 88' lang='lat' dir='ltr'>bonurn</span> <span class='ocrx_word' id='word_1_995' title='bbox 1289 6237 1297 6288; x_wconf 98' lang='lat' dir='ltr'>l</span> <span class='ocrx_word' id='word_1_996' title='bbox 1318 6237 1344 6288; x_wconf 90' lang='grc'>91</span> <span class='ocrx_word' id='word_1_997' title='bbox 1371 6235 1398 6288; x_wconf 90' lang='grc'>9*</span> <span class='ocrx_word' id='word_1_998' title='bbox 1417 6237 1554 6294; x_wconf 88' lang='lat' dir='ltr'>-Homo</span> <span class='ocrx_word' id='word_1_999' title='bbox 1573 6243 1598 6294; x_wconf 92' lang='lat' dir='ltr'>in</span> <span class='ocrx_word' id='word_1_1000' title='bbox 1624 6247 1716 6298; x_wconf 88' lang='lat' dir='ltr'>creatis</span> <span class='ocrx_word' id='word_1_1001' title='bbox 1754 6243 1790 6294; x_wconf 92' lang='lat' dir='ltr'>nit</span> <span class='ocrx_word' id='word_1_1002' title='bbox 1809 6257 1865 6294; x_wconf 89' lang='lat' dir='ltr'>rem</span> <span class='ocrx_word' id='word_1_1003' title='bbox 1884 6247 2010 6308; x_wconf 90' lang='lat' dir='ltr'>quantum</span> <span class='ocrx_word' id='word_1_1004' title='bbox 2030 6243 2063 6294; x_wconf 90' lang='lat' dir='ltr'>ad</span> <span class='ocrx_word' id='word_1_1005' title='bbox 2082 6255 2139 6294; x_wconf 90' lang='lat' dir='ltr'>esse</span> <span class='ocrx_word' id='word_1_1006' title='bbox 2159 6243 2295 6296; x_wconf 85' lang='lat' dir='ltr'>essentiale</span> <span class='ocrx_word' id='word_1_1007' title='bbox 2313 6245 2331 6294; x_wconf 96' lang='lat' dir='ltr'>ll</span> <span class='ocrx_word' id='word_1_1008' title='bbox 2353 6243 2387 6296; x_wconf 91' lang='grc'>91</span> 
     </span>
     <span class='ocr_line' id='line_1_59' title="bbox 401 6323 2394 6398; baseline 0.004 -22"><span class='ocrx_word' id='word_1_1009' title='bbox 401 6323 507 6392; x_wconf 88' lang='lat' dir='ltr'>quando</span> <span class='ocrx_word' id='word_1_1010' title='bbox 520 6325 735 6390; x_wconf 83' lang='lat' dir='ltr'>significationem</span> <span class='ocrx_word' id='word_1_1011' title='bbox 756 6327 881 6390; x_wconf 89' lang='lat' dir='ltr'>nominis,</span> <span class='ocrx_word' id='word_1_1012' title='bbox 899 6327 1040 6394; x_wconf 86' lang='lat' dir='ltr'>aliquando</span> <span class='ocrx_word' id='word_1_1013' title='bbox 1079 6341 1212 6394; x_wconf 80' lang='lat' dir='ltr'>utinquam</span> <span class='ocrx_word' id='word_1_1014' title='bbox 1226 6327 1335 6396; x_wconf 89' lang='lat' dir='ltr'>quiescit</span> <span class='ocrx_word' id='word_1_1015' title='bbox 1354 6327 1373 6378; x_wconf 93' lang='lat' dir='ltr'>ll</span> <span class='ocrx_word' id='word_1_1016' title='bbox 1392 6325 1408 6378; x_wconf 93' lang='grc'>5</span> <span class='ocrx_word' id='word_1_1017' title='bbox 1427 6327 1444 6378; x_wconf 90' lang='lat' dir='ltr'>b</span> <span class='ocrx_word' id='word_1_1018' title='bbox 1461 6353 1499 6366; x_wconf 90' lang='lat'>··-</span> <span class='ocrx_word' id='word_1_1019' title='bbox 1516 6331 1543 6382; x_wconf 93' lang='lat' dir='ltr'>ln</span> <span class='ocrx_word' id='word_1_1020' title='bbox 1564 6329 1638 6384; x_wconf 91' lang='lat' dir='ltr'>bonis</span> <span class='ocrx_word' id='word_1_1021' title='bbox 1654 6333 1716 6384; x_wconf 88' lang='lat' dir='ltr'>inte·</span> <span class='ocrx_word' id='word_1_1022' title='bbox 1754 6345 1776 6382; x_wconf 91' lang='grc'>9.</span> <span class='ocrx_word' id='word_1_1023' title='bbox 1799 6332 1848 6384; x_wconf 90' lang='grc'>999</span> <span class='ocrx_word' id='word_1_1024' title='bbox 1863 6333 1913 6384; x_wconf 89' lang='grc'>(9.9</span> <span class='ocrx_word' id='word_1_1025' title='bbox 1934 6357 1965 6368; x_wconf 51' lang='lat'>*-</span> <span class='ocrx_word' id='word_1_1026' title='bbox 1979 6337 2004 6384; x_wconf 93' lang='lat' dir='ltr'>et</span> <span class='ocrx_word' id='word_1_1027' title='bbox 2021 6345 2074 6398; x_wconf 90' lang='lat' dir='ltr'>qua</span> <span class='ocrx_word' id='word_1_1028' title='bbox 2095 6337 2132 6384; x_wconf 91' lang='lat' dir='ltr'>est</span> <span class='ocrx_word' id='word_1_1029' title='bbox 2145 6339 2184 6384; x_wconf 91' lang='grc'>991</span> <span class='ocrx_word' id='word_1_1030' title='bbox 2196 6331 2294 6396; x_wconf 84' lang='lat' dir='ltr'>duplex</span> <span class='ocrx_word' id='word_1_1031' title='bbox 2306 6333 2394 6384; x_wconf 93' lang='lat' dir='ltr'>condi·</span> 
     </span>
     <span class='ocr_line' id='line_1_60' title="bbox 401 6415 2393 6490; baseline 0.004 -26"><span class='ocrx_word' id='word_1_1032' title='bbox 401 6415 582 6480; x_wconf 88' lang='lat' dir='ltr'>suppositum,</span> <span class='ocrx_word' id='word_1_1033' title='bbox 600 6419 721 6480; x_wconf 90' lang='lat' dir='ltr'>respectu</span> <span class='ocrx_word' id='word_1_1034' title='bbox 740 6417 816 6468; x_wconf 92' lang='lat' dir='ltr'>cuius</span> <span class='ocrx_word' id='word_1_1035' title='bbox 835 6415 929 6468; x_wconf 85' lang='lat' dir='ltr'>dicitnr</span> <span class='ocrx_word' id='word_1_1036' title='bbox 945 6427 1038 6468; x_wconf 90' lang='lat' dir='ltr'>nomen</span> <span class='ocrx_word' id='word_1_1037' title='bbox 1078 6415 1193 6470; x_wconf 89' lang='lat' dir='ltr'>rioribus</span> <span class='ocrx_word' id='word_1_1038' title='bbox 1211 6429 1262 6468; x_wconf 92' lang='lat' dir='ltr'>non</span> <span class='ocrx_word' id='word_1_1039' title='bbox 1288 6423 1326 6490; x_wconf 89' lang='lat' dir='ltr'>cst</span> <span class='ocrx_word' id='word_1_1040' title='bbox 1345 6415 1533 6482; x_wconf 87' lang='lat' dir='ltr'>quiescendum</span> <span class='ocrx_word' id='word_1_1041' title='bbox 1554 6419 1560 6468; x_wconf 97' lang='lat' dir='ltr'>l</span> <span class='ocrx_word' id='word_1_1042' title='bbox 1580 6419 1614 6472; x_wconf 83' lang='grc'>99</span> <span class='ocrx_word' id='word_1_1043' title='bbox 1635 6417 1664 6472; x_wconf 88' lang='grc'>9*</span> <span class='ocrx_word' id='word_1_1044' title='bbox 1683 6449 1716 6460; x_wconf 91' lang='grc'>-</span> <span class='ocrx_word' id='word_1_1045' title='bbox 1754 6421 1789 6472; x_wconf 88' lang='grc'>199</span> <span class='ocrx_word' id='word_1_1046' title='bbox 1809 6419 1959 6482; x_wconf 88' lang='lat' dir='ltr'>cuiuslibet,</span> <span class='ocrx_word' id='word_1_1047' title='bbox 1979 6419 2051 6486; x_wconf 91' lang='lat' dir='ltr'>quod</span> <span class='ocrx_word' id='word_1_1048' title='bbox 2078 6419 2246 6486; x_wconf 83' lang='lat' dir='ltr'>intelligimus</span> <span class='ocrx_word' id='word_1_1049' title='bbox 2274 6429 2303 6474; x_wconf 91' lang='lat' dir='ltr'>ut</span> <span class='ocrx_word' id='word_1_1050' title='bbox 2322 6433 2393 6474; x_wconf 90' lang='lat' dir='ltr'>com·</span> 
     </span>
     <span class='ocr_line' id='line_1_61' title="bbox 400 6499 2392 6578; baseline 0.005 -26"><span class='ocrx_word' id='word_1_1051' title='bbox 400 6499 552 6564; x_wconf 87' lang='lat' dir='ltr'>dependens</span> <span class='ocrx_word' id='word_1_1052' title='bbox 573 6503 581 6554; x_wconf 96' lang='lat' dir='ltr'>l</span> <span class='ocrx_word' id='word_1_1053' title='bbox 600 6499 652 6552; x_wconf 89' lang='grc'>937</span> <span class='ocrx_word' id='word_1_1054' title='bbox 669 6501 829 6568; x_wconf 79' lang='lat' dir='ltr'>7*-Quid</span> <span class='ocrx_word' id='word_1_1055' title='bbox 847 6509 888 6558; x_wconf 91' lang='lat' dir='ltr'>est</span> <span class='ocrx_word' id='word_1_1056' title='bbox 905 6503 978 6570; x_wconf 89' lang='lat' dir='ltr'>quod</span> <span class='ocrx_word' id='word_1_1057' title='bbox 992 6519 1040 6570; x_wconf 87' lang='lat' dir='ltr'>per</span> <span class='ocrx_word' id='word_1_1058' title='bbox 1078 6505 1215 6570; x_wconf 86' lang='lat' dir='ltr'>Quiescere</span> <span class='ocrx_word' id='word_1_1059' title='bbox 1242 6507 1266 6556; x_wconf 92' lang='lat' dir='ltr'>in</span> <span class='ocrx_word' id='word_1_1060' title='bbox 1295 6511 1411 6558; x_wconf 89' lang='lat' dir='ltr'>creatura</span> <span class='ocrx_word' id='word_1_1061' title='bbox 1441 6509 1479 6556; x_wconf 86' lang='lat' dir='ltr'>est</span> <span class='ocrx_word' id='word_1_1062' title='bbox 1507 6507 1714 6562; x_wconf 81' lang='grc'>9919911999</span> <span class='ocrx_word' id='word_1_1063' title='bbox 1756 6509 2392 6578; x_wconf 75' lang='grc'>(99199913639-191911991999999,(]99(1</span> 
     </span>
     <span class='ocr_line' id='line_1_62' title="bbox 326 6589 2392 6666; baseline 0.005 -26"><span class='ocrx_word' id='word_1_1064' title='bbox 326 6611 330 6618; x_wconf 84' lang='grc'><em>·</em></span> <span class='ocrx_word' id='word_1_1065' title='bbox 399 6601 494 6642; x_wconf 90' lang='lat' dir='ltr'>nomen</span> <span class='ocrx_word' id='word_1_1066' title='bbox 515 6589 609 6642; x_wconf 88' lang='lat' dir='ltr'>dicitur</span> <span class='ocrx_word' id='word_1_1067' title='bbox 629 6591 704 6656; x_wconf 91' lang='lat' dir='ltr'>prius</span> <span class='ocrx_word' id='word_1_1068' title='bbox 720 6591 920 6658; x_wconf 87' lang='lat' dir='ltr'>intelligendum</span> <span class='ocrx_word' id='word_1_1069' title='bbox 936 6597 1040 6646; x_wconf 89' lang='grc'>991199-</span> <span class='ocrx_word' id='word_1_1070' title='bbox 1077 6609 1135 6660; x_wconf 79' lang='lat' dir='ltr'>arg.</span> <span class='ocrx_word' id='word_1_1071' title='bbox 1152 6591 1168 6642; x_wconf 90' lang='grc'>6</span> <span class='ocrx_word' id='word_1_1072' title='bbox 1187 6621 1218 6632; x_wconf 85' lang='lat'>-</span> <span class='ocrx_word' id='word_1_1073' title='bbox 1241 6595 1381 6660; x_wconf 85' lang='lat' dir='ltr'>Quiescere</span> <span class='ocrx_word' id='word_1_1074' title='bbox 1398 6595 1424 6644; x_wconf 90' lang='lat' dir='ltr'>in</span> <span class='ocrx_word' id='word_1_1075' title='bbox 1444 6601 1560 6648; x_wconf 87' lang='lat' dir='ltr'>creatura</span> <span class='ocrx_word' id='word_1_1076' title='bbox 1579 6603 1608 6650; x_wconf 91' lang='lat' dir='ltr'>ut</span> <span class='ocrx_word' id='word_1_1077' title='bbox 1631 6599 1657 6648; x_wconf 92' lang='lat' dir='ltr'>in</span> <span class='ocrx_word' id='word_1_1078' title='bbox 1679 6597 1713 6650; x_wconf 89' lang='lat' dir='ltr'>ui·</span> <span class='ocrx_word' id='word_1_1079' title='bbox 1755 6597 1884 6662; x_wconf 79' lang='lat' dir='ltr'>intelligit,</span> <span class='ocrx_word' id='word_1_1080' title='bbox 1904 6597 2021 6664; x_wconf 80' lang='lat' dir='ltr'>intelligit</span> <span class='ocrx_word' id='word_1_1081' title='bbox 2035 6611 2081 6662; x_wconf 92' lang='lat' dir='ltr'>per</span> <span class='ocrx_word' id='word_1_1082' title='bbox 2101 6597 2208 6652; x_wconf 87' lang='lat' dir='ltr'>modurn</span> <span class='ocrx_word' id='word_1_1083' title='bbox 2225 6599 2296 6666; x_wconf 90' lang='lat' dir='ltr'>quod</span> <span class='ocrx_word' id='word_1_1084' title='bbox 2315 6605 2392 6652; x_wconf 90' lang='lat' dir='ltr'>estet</span> 
     </span>
     <span class='ocr_line' id='line_1_63' title="bbox 400 6677 2389 6754; baseline 0.006 -28"><span class='ocrx_word' id='word_1_1085' title='bbox 400 6689 478 6744; x_wconf 89' lang='lat' dir='ltr'>quam</span> <span class='ocrx_word' id='word_1_1086' title='bbox 501 6681 681 6744; x_wconf 79' lang='lat' dir='ltr'>praecognitio</span> <span class='ocrx_word' id='word_1_1087' title='bbox 701 6681 718 6732; x_wconf 94' lang='lat' dir='ltr'>ll</span> <span class='ocrx_word' id='word_1_1088' title='bbox 738 6681 789 6732; x_wconf 92' lang='grc'>819</span> <span class='ocrx_word' id='word_1_1089' title='bbox 810 6677 828 6732; x_wconf 89' lang='lat' dir='ltr'>b</span> <span class='ocrx_word' id='word_1_1090' title='bbox 1078 6683 1141 6734; x_wconf 89' lang='lat' dir='ltr'>time</span> <span class='ocrx_word' id='word_1_1091' title='bbox 1160 6681 1212 6732; x_wconf 88' lang='lat' dir='ltr'>tine</span> <span class='ocrx_word' id='word_1_1092' title='bbox 1230 6689 1269 6736; x_wconf 91' lang='lat' dir='ltr'>est</span> <span class='ocrx_word' id='word_1_1093' title='bbox 1288 6687 1424 6748; x_wconf 89' lang='lat' dir='ltr'>peccatum</span> <span class='ocrx_word' id='word_1_1094' title='bbox 1444 6683 1554 6738; x_wconf 89' lang='lat' dir='ltr'>mortale</span> <span class='ocrx_word' id='word_1_1095' title='bbox 1574 6685 1589 6736; x_wconf 94' lang='lat' dir='ltr'>ll</span> <span class='ocrx_word' id='word_1_1096' title='bbox 1613 6685 1664 6738; x_wconf 91' lang='grc'>996</span> <span class='ocrx_word' id='word_1_1097' title='bbox 1686 6685 1713 6738; x_wconf 86' lang='grc'>6*</span> <span class='ocrx_word' id='word_1_1098' title='bbox 1754 6699 1808 6752; x_wconf 89' lang='lat' dir='ltr'>quo</span> <span class='ocrx_word' id='word_1_1099' title='bbox 1825 6687 1890 6738; x_wconf 85' lang='lat' dir='ltr'>esti</span> <span class='ocrx_word' id='word_1_1100' title='bbox 1912 6685 1960 6738; x_wconf 90' lang='grc'>976</span> <span class='ocrx_word' id='word_1_1101' title='bbox 1982 6701 2051 6738; x_wconf 88' lang='lat' dir='ltr'>a—</span> <span class='ocrx_word' id='word_1_1102' title='bbox 2068 6695 2093 6738; x_wconf 89' lang='grc'>91</span> <span class='ocrx_word' id='word_1_1103' title='bbox 2119 6701 2172 6754; x_wconf 90' lang='lat' dir='ltr'>qno</span> <span class='ocrx_word' id='word_1_1104' title='bbox 2191 6693 2235 6738; x_wconf 89' lang='grc'>991</span> <span class='ocrx_word' id='word_1_1105' title='bbox 2252 6689 2389 6738; x_wconf 83' lang='grc'>(99199919</span> 
     </span>
     <span class='ocr_line' id='line_1_64' title="bbox 456 6765 2391 6840; baseline 0.005 -22"><span class='ocrx_word' id='word_1_1106' title='bbox 456 6791 490 6804; x_wconf 91' lang='grc'>-</span> <span class='ocrx_word' id='word_1_1107' title='bbox 511 6765 660 6820; x_wconf 88' lang='lat' dir='ltr'>Secundum</span> <span class='ocrx_word' id='word_1_1108' title='bbox 690 6767 754 6834; x_wconf 88' lang='lat' dir='ltr'>qnid</span> <span class='ocrx_word' id='word_1_1109' title='bbox 782 6767 877 6822; x_wconf 90' lang='lat' dir='ltr'>dicitur</span> <span class='ocrx_word' id='word_1_1110' title='bbox 902 6783 951 6834; x_wconf 87' lang='lat' dir='ltr'>per</span> <span class='ocrx_word' id='word_1_1111' title='bbox 973 6769 1042 6822; x_wconf 89' lang='lat' dir='ltr'>deie-</span> <span class='ocrx_word' id='word_1_1112' title='bbox 1078 6797 1113 6810; x_wconf 88' lang='lat'>--</span> <span class='ocrx_word' id='word_1_1113' title='bbox 1132 6771 1155 6822; x_wconf 92' lang='lat' dir='ltr'>in</span> <span class='ocrx_word' id='word_1_1114' title='bbox 1175 6769 1246 6822; x_wconf 92' lang='lat' dir='ltr'>bono</span> <span class='ocrx_word' id='word_1_1115' title='bbox 1269 6777 1355 6822; x_wconf 89' lang='lat' dir='ltr'>creato</span> <span class='ocrx_word' id='word_1_1116' title='bbox 1376 6771 1437 6824; x_wconf 93' lang='lat' dir='ltr'>dicit</span> <span class='ocrx_word' id='word_1_1117' title='bbox 1460 6779 1547 6824; x_wconf 89' lang='lat' dir='ltr'>actum</span> <span class='ocrx_word' id='word_1_1118' title='bbox 1565 6771 1716 6828; x_wconf 91' lang='lat' dir='ltr'>dilectionis</span> <span class='ocrx_word' id='word_1_1119' title='bbox 1754 6779 1814 6828; x_wconf 93' lang='lat' dir='ltr'>sunl</span> <span class='ocrx_word' id='word_1_1120' title='bbox 1832 6777 1898 6829; x_wconf 90' lang='lat' dir='ltr'>inter</span> <span class='ocrx_word' id='word_1_1121' title='bbox 1918 6789 1958 6838; x_wconf 88' lang='grc'>99,</span> <span class='ocrx_word' id='word_1_1122' title='bbox 1982 6785 2007 6828; x_wconf 89' lang='grc'>91</span> <span class='ocrx_word' id='word_1_1123' title='bbox 2030 6783 2166 6828; x_wconf 89' lang='lat' dir='ltr'>numerato</span> <span class='ocrx_word' id='word_1_1124' title='bbox 2191 6775 2262 6840; x_wconf 89' lang='lat' dir='ltr'>quod</span> <span class='ocrx_word' id='word_1_1125' title='bbox 2282 6783 2320 6828; x_wconf 88' lang='lat' dir='ltr'>est</span> <span class='ocrx_word' id='word_1_1126' title='bbox 2347 6789 2391 6828; x_wconf 89' lang='lat' dir='ltr'>nu·</span> 
     </span>
     <span class='ocr_line' id='line_1_65' title="bbox 374 6855 2390 6930; baseline 0.009 -30"><span class='ocrx_word' id='word_1_1127' title='bbox 374 6859 471 6906; x_wconf 89' lang='lat' dir='ltr'>.ctnm</span> <span class='ocrx_word' id='word_1_1128' title='bbox 489 6863 611 6920; x_wconf 88' lang='lat' dir='ltr'>respectu</span> <span class='ocrx_word' id='word_1_1129' title='bbox 635 6857 788 6922; x_wconf 88' lang='lat' dir='ltr'>simpliciter</span> <span class='ocrx_word' id='word_1_1130' title='bbox 809 6855 887 6910; x_wconf 87' lang='grc'>1768</span> <span class='ocrx_word' id='word_1_1131' title='bbox 907 6867 920 6910; x_wconf 85' lang='grc'>9</span> <span class='ocrx_word' id='word_1_1132' title='bbox 942 6859 1040 6912; x_wconf 79' lang='lat' dir='ltr'>-Se</span> <span class='ocrx_word' id='word_1_1133' title='bbox 1078 6861 1119 6912; x_wconf 85' lang='lat' dir='ltr'>vel</span> <span class='ocrx_word' id='word_1_1134' title='bbox 1139 6859 1312 6924; x_wconf 88' lang='lat' dir='ltr'>privationem</span> <span class='ocrx_word' id='word_1_1135' title='bbox 1337 6857 1498 6914; x_wconf 89' lang='lat' dir='ltr'>rectitudinis</span> <span class='ocrx_word' id='word_1_1136' title='bbox 1520 6861 1537 6912; x_wconf 95' lang='lat' dir='ltr'>ll</span> <span class='ocrx_word' id='word_1_1137' title='bbox 1559 6859 1609 6912; x_wconf 91' lang='grc'>879</span> <span class='ocrx_word' id='word_1_1138' title='bbox 1629 6859 1657 6914; x_wconf 88' lang='grc'>5*</span> <span class='ocrx_word' id='word_1_1139' title='bbox 1754 6871 1870 6918; x_wconf 84' lang='lat' dir='ltr'>meretur</span> <span class='ocrx_word' id='word_1_1140' title='bbox 1896 6867 1973 6916; x_wconf 83' lang='lat' dir='ltr'>ctiam</span> <span class='ocrx_word' id='word_1_1141' title='bbox 2002 6879 2056 6930; x_wconf 92' lang='lat' dir='ltr'>quo</span> <span class='ocrx_word' id='word_1_1142' title='bbox 2083 6871 2122 6916; x_wconf 91' lang='lat' dir='ltr'>est</span> <span class='ocrx_word' id='word_1_1143' title='bbox 2150 6863 2157 6914; x_wconf 96' lang='lat' dir='ltr'>l</span> <span class='ocrx_word' id='word_1_1144' title='bbox 2187 6863 2238 6916; x_wconf 85' lang='lat'>363</span> <span class='ocrx_word' id='word_1_1145' title='bbox 2267 6861 2286 6916; x_wconf 92' lang='lat' dir='ltr'>b</span> <span class='ocrx_word' id='word_1_1146' title='bbox 2310 6891 2345 6904; x_wconf 86' lang='lat'>-·</span> <span class='ocrx_word' id='word_1_1147' title='bbox 2365 6867 2390 6918; x_wconf 93' lang='lat' dir='ltr'>ln</span> 
     </span>
    </p>
   </div>
   <div class='ocr_carea' id='block_1_10' title="bbox 0 0 2900 8392">
    <p class='ocr_par' dir='ltr' id='par_1_15' title="bbox 0 0 2900 8392">
     <span class='ocr_line' id='line_1_66' title="bbox 0 0 2900 8392; baseline 0 0"><span class='ocrx_word' id='word_1_1148' title='bbox 0 0 2900 8392; x_wconf 95' lang='lat' dir='ltr'> </span> 
     </span>
    </p>
   </div>
  </div>
 </body>
</html>
