5816 8400
358 2629 360 2632 ¹
478 2531 651 2614 Iudices
677 2531 723 2608 in
764 2521 1098 2608 Commentarios
1136 2517 1191 2598 ad
1218 2515 1293 2598 IV.
1325 2515 1458 2598 libros
1499 2517 1816 2600 Sententiarum
1849 2519 1990 2600 denuo
2024 2521 2280 2626 collegimus
2311 2529 2353 2602 et

370 2665 641 2770 digessimus
670 2657 866 2740 adhibita
896 2655 1125 2764 praecipue
1151 2647 1308 2734 Tubulo
1334 2679 1401 2732 sou
1427 2649 1555 2732 iudico
1577 2649 1756 2760 pasorali
1780 2651 1827 2732 ia
1853 2679 1972 2760 opero
2002 2653 2134 2734 omma
2153 2653 2195 2736 S.
2214 2655 2352 2736 Bouo-

369 2803 555 2878 ocuturoo
575 2821 600 2872 a
618 2791 948 2872 Bartholomaeo
968 2789 1022 2866 de
1040 2785 1254 2868 Barheriis
1274 2815 1299 2866 a
1319 2785 1587 2868 Castrovetro
1607 2781 1707 2866 Ord.
1724 2783 1826 2892 Cap.
1847 2785 2065 2866 elaborata
2083 2797 2126 2866 et
2144 2785 2349 2890 Lugduni

368 2927 483 3010 auno
514 2923 615 3004 1681
646 2949 813 3004 excusa.
1360 3025 1361 3028 Ἴ
2203 3003 2204 3006 ¹

477 3057 620 3138 Primo
650 3055 744 3136 loco
775 3055 1029 3136 exhibemus
1057 3055 1174 3136 locos
1204 3055 1242 3136 S.
1274 3053 1530 3160 Scripturae,
1576 3081 1757 3162 quorum
1801 3053 2012 3160 expositio
2048 3051 2116 3132 vel
2146 3051 2350 3136 notabilis

368 3191 603 3298 applicatio
634 3189 831 3272 occurrit.

476 3323 672 3408 Secundo
702 3335 744 3406 et
773 3325 899 3404 tertio
927 3325 1025 3406 loco
1052 3325 1202 3406 ordine
1237 3323 1513 3430 alphabetico
1550 3325 1842 3430 disposuimus
1880 3321 2044 3404 indices
2073 3351 2223 3430 rerum,
2256 3331 2349 3400 tum

367 3459 611 3564 generalem
641 3459 872 3566 praecipue
902 3457 1110 3538 derebus
1139 3459 1407 3562 theologicis,
1438 3469 1530 3538 tum
1561 3457 1793 3564 specialem
1823 3459 2133 3538 sententiarum
2162 3456 2349 3562 philoso-

366 3591 615 3698 phicarum3
647 3619 753 3698 quas
784 3591 960 3696 quidem
989 3589 1044 3670 ab
1074 3591 1170 3672 aliis
1200 3591 1425 3670 divisimus
1456 3619 1505 3670 ea
1545 3591 1665 3670 ducti
1708 3591 1883 3698 ratione,
1913 3619 2044 3698 quam
2072 3591 2118 3670 iu
2148 3589 2349 3696 Prolego·
2467 3619 2468 3622 ’

366 3725 505 3804 menis
534 3725 588 3804 ad
611 3723 686 3804 IV.
710 3723 784 3804 lib.
815 3723 1130 3806 Sententiarum
1160 3723 1460 3804 iudicavimus.
1488 3723 1539 3804 In
1571 3723 1805 3828 seligendis
1833 3725 1926 3804 istis
1956 3725 2181 3804 sententiis
2209 3721 2348 3830 philo-

366 3859 556 3964 sophicis
587 3859 843 3938 strictiorem
873 3857 1091 3964 quandam
1119 3859 1327 3938 rationem
1347 3859 1682 3962 observavimus,
1706 3857 1837 3936 indici
1866 3857 2058 3964 generali
2086 3869 2349 3938 reservantes

366 4021 515 4072 omnes
544 4019 613 4072 eas
643 4021 721 4098 res,
752 4017 858 4098 quas
888 3991 1085 4072 doctriua
1111 3991 1299 4072 revelata
1329 3991 1474 4098 aliquo
1505 3991 1632 4072 modo
1672 3993 1851 4098 attingit
1894 4003 1983 4072 tam
2012 3991 2064 4072 de
2096 3991 2223 4072 rebus
2254 4019 2347 4098 spe·

367 4123 645 4232 oulabilibus,
676 4153 805 4234 quam
836 4125 888 4204 de
917 4125 1222 4232 operabilibus.
1253 4125 1529 4208 Exclusimus
1558 4129 1688 4208 etiam
1716 4125 1817 4204 iude
1837 4153 2014 4234 eaquae
2033 4125 2249 4208 adrerum
2277 4155 2350 4206 na·

365 4261 571 4342 turalium
600 4261 799 4342 notitiam
830 4261 1044 4366 quandam
1077 4259 1382 4366 descriptivam
1421 4261 1652 4368 pertinent,
1682 4261 1786 4340 item
1817 4261 2025 4366 quaedam
2055 4261 2231 4342 minoris
2261 4289 2347 4342 mo-

366 4395 514 4502 menti,
546 4393 615 4472 vel
647 4423 757 4500 quae
787 4393 840 4472 de
866 4393 1016 4502 aliqua
1042 4423 1087 4474 re
1115 4405 1283 4476 tantum
1300 4393 1455 4476 ¹obiter
1482 4393 1597 4474 dicta
1629 4393 1839 4474 videntur.
2083 4489 2084 4492 Ἴ

474 4529 543 4608 Ad
573 4527 882 4634 complendum
911 4537 1191 4636 conspectum
1222 4529 1446 4610 doctrinae·
1472 4529 1795 4636 philosophicae
1818 4527 1855 4612 Ξ.
1878 4527 2074 4610 Doctoris
2092 4529 2227 4608 indici
2253 4527 2348 4636 phi·
2417 4559 2420 4562 ·

366 4659 590 4768 losophioo
617 4663 900 4768 adjunximus
929 4663 1057 4742 etiam
1090 4665 1323 4744 sententias
1351 4665 1405 4744 ad
1435 4663 1755 4772 philosophiam
1775 4665 2050 4770 pertinentes,
2073 4691 2181 4770 quae
2201 4691 2347 4744 occur·
2405 4747 2407 4752 ,

364 4807 467 4876 runt
492 4797 537 4874 in
569 4795 790 4900 opusculis
819 4795 1075 4900 theologicis
1096 4797 1212 4876 ‘tomi
1239 4795 1290 4876 V.

473 4929 705 5012 Doctrinae
733 4929 906 5034 singula
935 4933 1079 5036 capita
1106 4931 1324 5014 distinctis
1351 4931 1719 5038 propositionibus
1748 4933 1916 5036 integra
1941 4929 2141 5010 exhibere
2162 4941 2205 5008 et
2222 4931 2349 5010 ratio-

365 5091 452 5170 nes,
485 5061 643 5170 quibus
671 5063 924 5176 fulciuntur,
957 5065 1107 5158 saltem
1139 5077 1379 5146 contractas
1408 5065 1597 5146 indicare
1628 5067 1769 5146 conati
1797 5091 1966 5170 sumus,
1998 5065 2271 5146 auctoritates
2306 5071 2349 5142 et
2445 5115 2446 5118 =

364 5197 546 5278 aliorum
576 5199 835 5304 scriptorum
863 5197 980 5280 dicta
1008 5227 1034 5278 a
1061 5197 1101 5280 S.
1122 5197 1307 5278 Doctore
1337 5199 1470 5278 relata
1497 5197 1752 5306 plerumque
1781 5197 1887 5306 ipsis
1905 5197 2091 5278 auctoris
2111 5195 2253 5278 verbis
2272 5225 2349 5302 po·

365 5333 542 5412 suimus
574 5329 682 5414 Cum
714 5361 812 5412 vero
842 5331 972 5412 alicui
1001 5333 1286 5440 propositioni
1315 5333 1560 5440 argumenti
1588 5329 1643 5412 ad
1670 5331 1917 5412 alterutram
1956 5341 2123 5440 partem
2153 5329 2273 5410 allati
2303 5331 2346 5410 iu
2408 5427 2411 5434 ι

365 5467 642 5572 responsione
671 5467 894 5548 distinctio
923 5465 992 5548 vel
1024 5467 1234 5574 expositio
1263 5467 1446 5572 additur,
1476 5465 1588 5547 illud
1614 5467 2137 5572 argumentumiudicare
2159 5463 2347 5572 plerum-

365 5625 447 5704 que
478 5599 713 5680 omisimus
755 5583 756 5586 Ἴ
1463 5599 1464 5602 “

473 5731 524 5812 lu
542 5731 851 5814 distribuendis
869 5733 1141 5842 singulorum
1161 5737 1438 5818 articulorum
1455 5735 1824 5844 propositionibus
1842 5735 2034 5816 ordinem
2056 5733 2196 5842 rebus,
2213 5761 2348 5842 quau·

364 5873 458 5944 tum
486 5863 578 5944 fieri
608 5869 761 5972 potuit,
791 5869 1044 5974 adaptatum
1074 5871 1194 5978 sequi
1224 5873 1477 5978 curavimuS,
1510 5885 1601 5952 tum
1631 5881 1678 5950 ut
1706 5899 1772 5950 res
1801 5869 1998 5974 singulae
2027 5867 2199 5950 facilius
2231 5871 2347 5950 inve-

364 5997 569 6100 nirentur,
602 6009 693 6080 turn
725 6011 774 6080 ut
802 6001 1094 6084 doctrinarum
1121 6033 1258 6084 nexus
1287 6005 1605 6112 inquirentibus
1635 6015 1779 6110 patere
1808 6015 1972 6112 posset,
2003 6013 2220 6110 praeterea
2255 6000 2346 6082 lon-

364 6129 504 6234 giores
533 6129 735 6214 articulos
773 6135 819 6214 in
849 6139 1150 6244 paragraphos
1186 6139 1425 6244 divisimus,
1457 6169 1566 6246 quae
1604 6139 1710 6244 quid
1748 6137 2127 6244 comprehendant,
2162 6135 2233 6214 vel
2270 6163 2348 6240 per

364 6261 496 6342 verba
523 6261 678 6344 litteris
717 6271 1002 6372 grossioribus
1040 6271 1247 6352 distincta
1283 6273 1508 6378 iudicatur,
1538 6273 1608 6352 vel
1647 6301 1722 6378 per
1757 6269 1990 6352 summaria'
2026 6267 2114 6348 illis
2153 6267 2346 6348 articulis

362 6421 607 6498 praemrssa.

470 6525 522 6606 ln
551 6531 894 6634 propositionum
923 6537 1062 6644 initi0,
1093 6539 1173 6618 nisi
1205 6537 1348 6618 littera
1370 6537 1524 6646 prandi
1549 6539 1743 6644 incipiat,
1775 6565 1942 6642 semper
1969 6535 2261 6640 supplendum
2282 6547 2346 6616 est

362 6659 507 6764 ipsum
537 6689 705 6768 nomeu,
737 6667 852 6770 quod
881 6671 1062 6750 articulo
1093 6673 1434 6778 superscribitur,
1466 6671 1713 6778 etquidem
1741 6673 1785 6750 in
1817 6697 1915 6750 casu
1946 6667 2223 6774 nominativo,
2256 6671 2345 6750 sive

362 6789 408 6868 in
437 6793 647 6898 singulari
677 6823 865 6904 numero,
899 6797 1062 6882 sivein
1092 6805 1263 6910 plurali.
1294 6805 1456 6908 Quodsi
1482 6805 1713 6910 aliquoties
1740 6805 1786 6882 iu
1814 6801 1900 6884 alio
1928 6829 2030 6884 casu
2051 6801 2343 6910 supplendum
2412 6899 2413 6902 q

362 6949 518 7004 nomeu
548 6929 786 7034 propositio
813 6929 909 7036 ipsa
937 6935 1094 7042 exigat,
1124 6937 1314 7044 prudens
1342 6939 1476 7018 lector
1504 6937 1632 7018 facile
1660 6937 1890 7042 intelliget.
