<?xml version="1.0" encoding="UTF-8"?>
<!DOCTYPE html PUBLIC "-//W3C//DTD XHTML 1.0 Transitional//EN"
    "http://www.w3.org/TR/xhtml1/DTD/xhtml1-transitional.dtd">
<html xmlns="http://www.w3.org/1999/xhtml" xml:lang="en" lang="en">
 <head>
  <title>
</title>
<meta http-equiv="Content-Type" content="text/html;charset=utf-8" />
  <meta name='ocr-system' content='tesseract 3.04.00' />
  <meta name='ocr-capabilities' content='ocr_page ocr_carea ocr_par ocr_line ocrx_word'/>
</head>
<body>
  <div class='ocr_page' id='page_1' title='image "./doctorisseraphi00italgoog/doctorisseraphi00italgoog_0507.png"; bbox 0 0 5792 8392; ppageno 0'>
   <div class='ocr_carea' id='block_1_1' title="bbox 314 619 2021 762">
    <p class='ocr_par' dir='ltr' id='par_1_1' title="bbox 314 619 2021 762">
     <span class='ocr_line' id='line_1_1' title="bbox 314 619 1446 690; baseline -0.007 0"><span class='ocrx_word' id='word_1_1' title='bbox 314 627 378 690; x_wconf 98' lang='grc'>496</span> <span class='ocrx_word' id='word_1_2' title='bbox 1158 619 1269 684; x_wconf 83' lang='grc'>1110811</span> <span class='ocrx_word' id='word_1_3' title='bbox 1292 619 1446 684; x_wconf 81' lang='grc'>78144108</span> 
     </span>
     <span class='ocr_line' id='line_1_2' title="bbox 596 703 2021 762; baseline -0.005 0"><span class='ocrx_word' id='word_1_4' title='bbox 596 711 654 762; x_wconf 85' lang='grc'>444</span> <span class='ocrx_word' id='word_1_5' title='bbox 1955 703 2021 756; x_wconf 87' lang='grc'>404</span> 
     </span>
    </p>
   </div>
   <div class='ocr_carea' id='block_1_2' title="bbox 316 793 2305 1038">
    <p class='ocr_par' dir='ltr' id='par_1_2' title="bbox 316 793 2305 1038">
     <span class='ocr_line' id='line_1_3' title="bbox 371 793 2304 862; baseline -0.004 -14"><span class='ocrx_word' id='word_1_6' title='bbox 371 825 403 840; x_wconf 81' lang='lat'>-·</span> <span class='ocrx_word' id='word_1_7' title='bbox 424 805 542 862; x_wconf 89' lang='lat' dir='ltr'>respectu</span> <span class='ocrx_word' id='word_1_8' title='bbox 564 797 636 849; x_wconf 87' lang='lat' dir='ltr'>verbi</span> <span class='ocrx_word' id='word_1_9' title='bbox 656 797 691 848; x_wconf 93' lang='lat' dir='ltr'>de</span> <span class='ocrx_word' id='word_1_10' title='bbox 710 799 846 862; x_wconf 82' lang='lat' dir='ltr'>praeterito</span> <span class='ocrx_word' id='word_1_11' title='bbox 872 805 955 862; x_wconf 88' lang='lat' dir='ltr'>potest</span> <span class='ocrx_word' id='word_1_12' title='bbox 1047 825 1080 834; x_wconf 91' lang='lat'><strong>—</strong></span> <span class='ocrx_word' id='word_1_13' title='bbox 1101 797 1204 846; x_wconf 90' lang='lat' dir='ltr'>Varialu</span> <span class='ocrx_word' id='word_1_14' title='bbox 1225 795 1305 846; x_wconf 88' lang='lat' dir='ltr'>modo</span> <span class='ocrx_word' id='word_1_15' title='bbox 1322 795 1632 858; x_wconf 67' lang='lat' dir='ltr'>sltpponendipropnsl·</span> <span class='ocrx_word' id='word_1_16' title='bbox 1670 807 1725 846; x_wconf 88' lang='lat' dir='ltr'>sam</span> <span class='ocrx_word' id='word_1_17' title='bbox 1745 795 1878 854; x_wconf 83' lang='lat' dir='ltr'>intererrat.</span> <span class='ocrx_word' id='word_1_18' title='bbox 1899 795 1970 846; x_wconf 87' lang='lat' dir='ltr'>etde</span> <span class='ocrx_word' id='word_1_19' title='bbox 1983 793 2133 858; x_wconf 82' lang='lat' dir='ltr'>syllogismo</span> <span class='ocrx_word' id='word_1_20' title='bbox 2149 793 2304 854; x_wconf 87' lang='lat' dir='ltr'>necessario,</span> 
     </span>
     <span class='ocr_line' id='line_1_4' title="bbox 316 879 2305 948; baseline -0.006 -8"><span class='ocrx_word' id='word_1_21' title='bbox 316 903 375 940; x_wconf 89' lang='lat' dir='ltr'>esse</span> <span class='ocrx_word' id='word_1_22' title='bbox 393 885 498 948; x_wconf 78' lang='lat' dir='ltr'>duplex,</span> <span class='ocrx_word' id='word_1_23' title='bbox 517 899 566 948; x_wconf 93' lang='lat' dir='ltr'>pro</span> <span class='ocrx_word' id='word_1_24' title='bbox 584 885 765 948; x_wconf 87' lang='lat' dir='ltr'>praesentibus</span> <span class='ocrx_word' id='word_1_25' title='bbox 784 891 871 948; x_wconf 87' lang='lat' dir='ltr'>etpro</span> <span class='ocrx_word' id='word_1_26' title='bbox 884 897 954 948; x_wconf 90' lang='lat' dir='ltr'>prae·</span> <span class='ocrx_word' id='word_1_27' title='bbox 993 885 1028 936; x_wconf 90' lang='lat' dir='ltr'>tio</span> <span class='ocrx_word' id='word_1_28' title='bbox 1049 889 1132 948; x_wconf 84' lang='lat' dir='ltr'>potest</span> <span class='ocrx_word' id='word_1_29' title='bbox 1149 895 1206 934; x_wconf 86' lang='lat' dir='ltr'>esse</span> <span class='ocrx_word' id='word_1_30' title='bbox 1227 895 1288 932; x_wconf 88' lang='lat' dir='ltr'>vera</span> <span class='ocrx_word' id='word_1_31' title='bbox 1303 883 1401 934; x_wconf 87' lang='grc'>4444144</span> <span class='ocrx_word' id='word_1_32' title='bbox 1419 879 1553 934; x_wconf 90' lang='grc'>1114543*</span> <span class='ocrx_word' id='word_1_33' title='bbox 1570 879 1631 936; x_wconf 82' lang='lat' dir='ltr'>Vidc</span> <span class='ocrx_word' id='word_1_34' title='bbox 1670 885 1822 936; x_wconf 87' lang='lat' dir='ltr'>resolutorie</span> <span class='ocrx_word' id='word_1_35' title='bbox 1843 885 1866 936; x_wconf 92' lang='lat' dir='ltr'>in</span> <span class='ocrx_word' id='word_1_36' title='bbox 1886 897 1992 936; x_wconf 89' lang='lat' dir='ltr'>causam</span> <span class='ocrx_word' id='word_1_37' title='bbox 2013 879 2140 932; x_wconf 81' lang='lat' dir='ltr'>inserendi</span> <span class='ocrx_word' id='word_1_38' title='bbox 2161 889 2184 930; x_wconf 92' lang='lat' dir='ltr'>et</span> <span class='ocrx_word' id='word_1_39' title='bbox 2202 879 2305 930; x_wconf 90' lang='lat' dir='ltr'>essendi</span> 
     </span>
     <span class='ocr_line' id='line_1_5' title="bbox 317 965 2305 1038; baseline -0.003 -14"><span class='ocrx_word' id='word_1_40' title='bbox 317 975 395 1026; x_wconf 88' lang='lat' dir='ltr'>teritis</span> <span class='ocrx_word' id='word_1_41' title='bbox 415 973 443 1024; x_wconf 98' lang='lat' dir='ltr'>lll</span> <span class='ocrx_word' id='word_1_42' title='bbox 463 969 514 1024; x_wconf 87' lang='grc'>454</span> <span class='ocrx_word' id='word_1_43' title='bbox 534 971 571 1038; x_wconf 82' lang='grc'>3*,</span> <span class='ocrx_word' id='word_1_44' title='bbox 590 971 620 1022; x_wconf 85' lang='grc'>4*</span> <span class='ocrx_word' id='word_1_45' title='bbox 632 1001 667 1010; x_wconf 88' lang='grc'>-</span> <span class='ocrx_word' id='word_1_46' title='bbox 681 973 843 1024; x_wconf 85' lang='lat' dir='ltr'>nitierentem</span> <span class='ocrx_word' id='word_1_47' title='bbox 858 985 955 1036; x_wconf 89' lang='lat' dir='ltr'>suppo·</span> <span class='ocrx_word' id='word_1_48' title='bbox 997 971 1023 1022; x_wconf 91' lang='lat' dir='ltr'>V.</span> <span class='ocrx_word' id='word_1_49' title='bbox 1045 967 1310 1038; x_wconf 78' lang='lat' dir='ltr'>Septimia-tipum</span> <span class='ocrx_word' id='word_1_50' title='bbox 1328 967 1458 1022; x_wconf 82' lang='lat' dir='ltr'>dictionis.</span> <span class='ocrx_word' id='word_1_51' title='bbox 1671 969 1691 1020; x_wconf 87' lang='lat' dir='ltr'>V</span> <span class='ocrx_word' id='word_1_52' title='bbox 1711 969 1762 1020; x_wconf 86' lang='grc'>354</span> <span class='ocrx_word' id='word_1_53' title='bbox 1785 971 1817 1020; x_wconf 86' lang='grc'>40</span> <span class='ocrx_word' id='word_1_54' title='bbox 1843 969 1902 1022; x_wconf 79' lang='lat' dir='ltr'>Vide</span> <span class='ocrx_word' id='word_1_55' title='bbox 1926 971 1954 1022; x_wconf 88' lang='lat' dir='ltr'>V.</span> <span class='ocrx_word' id='word_1_56' title='bbox 1974 969 2124 1026; x_wconf 77' lang='lat' dir='ltr'><em>Necessitas</em></span> <span class='ocrx_word' id='word_1_57' title='bbox 2144 967 2206 1018; x_wconf 86' lang='lat' dir='ltr'>etin</span> <span class='ocrx_word' id='word_1_58' title='bbox 2221 965 2305 1018; x_wconf 86' lang='lat' dir='ltr'>lodice</span> 
     </span>
    </p>
   </div>
   <div class='ocr_carea' id='block_1_3' title="bbox 316 1053 2307 1914">
    <p class='ocr_par' dir='ltr' id='par_1_3' title="bbox 318 1053 2306 1122">
     <span class='ocr_line' id='line_1_6' title="bbox 318 1053 2306 1122; baseline -0.003 -10"><span class='ocrx_word' id='word_1_59' title='bbox 318 1059 393 1114; x_wconf 88' lang='lat' dir='ltr'>nendi</span> <span class='ocrx_word' id='word_1_60' title='bbox 413 1059 523 1112; x_wconf 90' lang='lat' dir='ltr'>rnodum</span> <span class='ocrx_word' id='word_1_61' title='bbox 544 1059 621 1112; x_wconf 88' lang='lat' dir='ltr'>babet</span> <span class='ocrx_word' id='word_1_62' title='bbox 640 1063 766 1112; x_wconf 88' lang='lat' dir='ltr'>terminus</span> <span class='ocrx_word' id='word_1_63' title='bbox 790 1059 954 1112; x_wconf 87' lang='lat' dir='ltr'>accidentalis</span> <span class='ocrx_word' id='word_1_64' title='bbox 1047 1059 1214 1110; x_wconf 85' lang='lat' dir='ltr'>Srtnootsnus</span> <span class='ocrx_word' id='word_1_65' title='bbox 1232 1083 1266 1096; x_wconf 86' lang='lat'>-··</span> <span class='ocrx_word' id='word_1_66' title='bbox 1285 1061 1323 1108; x_wconf 85' lang='lat' dir='ltr'>est</span> <span class='ocrx_word' id='word_1_67' title='bbox 1342 1059 1443 1120; x_wconf 89' lang='lat' dir='ltr'>species</span> <span class='ocrx_word' id='word_1_68' title='bbox 1461 1059 1630 1110; x_wconf 83' lang='lat' dir='ltr'>ratiocinatio·</span> <span class='ocrx_word' id='word_1_69' title='bbox 1670 1071 1756 1122; x_wconf 78' lang='lat' dir='ltr'>gener.</span> <span class='ocrx_word' id='word_1_70' title='bbox 1783 1059 1809 1110; x_wconf 91' lang='lat' dir='ltr'>V.</span> <span class='ocrx_word' id='word_1_71' title='bbox 1835 1057 1930 1112; x_wconf 81' lang='lat' dir='ltr'>iltrtiio.</span> <span class='ocrx_word' id='word_1_72' title='bbox 1961 1087 1994 1098; x_wconf 92' lang='lat'>-</span> <span class='ocrx_word' id='word_1_73' title='bbox 2023 1071 2053 1110; x_wconf 90' lang='lat' dir='ltr'>ex</span> <span class='ocrx_word' id='word_1_74' title='bbox 2083 1053 2306 1122; x_wconf 72' lang='lat' dir='ltr'><strong>propositionibus</strong></span> 
     </span>
    </p>

    <p class='ocr_par' dir='ltr' id='par_1_4' title="bbox 316 1143 2157 1212">
     <span class='ocr_line' id='line_1_7' title="bbox 316 1143 2157 1212; baseline -0.001 -12"><span class='ocrx_word' id='word_1_75' title='bbox 316 1155 340 1200; x_wconf 89' lang='lat' dir='ltr'>et</span> <span class='ocrx_word' id='word_1_76' title='bbox 359 1147 532 1200; x_wconf 88' lang='lat' dir='ltr'>strbstantialis</span> <span class='ocrx_word' id='word_1_77' title='bbox 551 1153 672 1212; x_wconf 88' lang='lat' dir='ltr'>respecto</span> <span class='ocrx_word' id='word_1_78' title='bbox 695 1147 770 1200; x_wconf 88' lang='lat' dir='ltr'>verbi</span> <span class='ocrx_word' id='word_1_79' title='bbox 791 1147 823 1198; x_wconf 90' lang='lat' dir='ltr'>de</span> <span class='ocrx_word' id='word_1_80' title='bbox 842 1153 954 1212; x_wconf 88' lang='lat' dir='ltr'>praeter·</span> <span class='ocrx_word' id='word_1_81' title='bbox 994 1149 1032 1200; x_wconf 91' lang='lat' dir='ltr'>nis</span> <span class='ocrx_word' id='word_1_82' title='bbox 1052 1149 1079 1198; x_wconf 98' lang='lat' dir='ltr'>lll</span> <span class='ocrx_word' id='word_1_83' title='bbox 1102 1143 1152 1198; x_wconf 88' lang='grc'>485</span> <span class='ocrx_word' id='word_1_84' title='bbox 1172 1143 1200 1196; x_wconf 88' lang='grc'>4*</span> <span class='ocrx_word' id='word_1_85' title='bbox 1219 1145 1362 1198; x_wconf 88' lang='lat' dir='ltr'>—estad</span> <span class='ocrx_word' id='word_1_86' title='bbox 1381 1143 1593 1208; x_wconf 86' lang='lat' dir='ltr'>persuadendum</span> <span class='ocrx_word' id='word_1_87' title='bbox 1610 1143 1629 1194; x_wconf 96' lang='lat' dir='ltr'>V</span> <span class='ocrx_word' id='word_1_88' title='bbox 1670 1159 1716 1208; x_wconf 89' lang='lat' dir='ltr'>per</span> <span class='ocrx_word' id='word_1_89' title='bbox 1735 1159 1761 1196; x_wconf 90' lang='lat' dir='ltr'>se</span> <span class='ocrx_word' id='word_1_90' title='bbox 1781 1147 1851 1198; x_wconf 86' lang='lat' dir='ltr'>veris</span> <span class='ocrx_word' id='word_1_91' title='bbox 1868 1143 1926 1200; x_wconf 83' lang='lat' dir='ltr'>eide</span> <span class='ocrx_word' id='word_1_92' title='bbox 1948 1145 1978 1198; x_wconf 89' lang='lat' dir='ltr'>V.</span> <span class='ocrx_word' id='word_1_93' title='bbox 1997 1143 2157 1212; x_wconf 82' lang='lat' dir='ltr'>Proposilt&#39;u.</span> 
     </span>
    </p>

    <p class='ocr_par' dir='ltr' id='par_1_5' title="bbox 316 1233 2307 1308">
     <span class='ocr_line' id='line_1_8' title="bbox 316 1233 2307 1308; baseline -0.003 -20"><span class='ocrx_word' id='word_1_94' title='bbox 316 1239 350 1288; x_wconf 94' lang='grc'>440</span> <span class='ocrx_word' id='word_1_95' title='bbox 371 1233 402 1290; x_wconf 83' lang='lat' dir='ltr'>ib.</span> <span class='ocrx_word' id='word_1_96' title='bbox 423 1233 457 1286; x_wconf 92' lang='grc'>4*.</span> <span class='ocrx_word' id='word_1_97' title='bbox 479 1235 529 1286; x_wconf 91' lang='grc'>455</span> <span class='ocrx_word' id='word_1_98' title='bbox 548 1249 564 1288; x_wconf 89' lang='lat' dir='ltr'>a</span> <span class='ocrx_word' id='word_1_99' title='bbox 586 1261 622 1274; x_wconf 86' lang='lat'><em>-</em></span> <span class='ocrx_word' id='word_1_100' title='bbox 647 1235 788 1286; x_wconf 76' lang='lat' dir='ltr'>Terminus</span> <span class='ocrx_word' id='word_1_101' title='bbox 813 1233 954 1286; x_wconf 89' lang='lat' dir='ltr'>accidenta-</span> <span class='ocrx_word' id='word_1_102' title='bbox 994 1235 1045 1286; x_wconf 90' lang='lat'>333</span> <span class='ocrx_word' id='word_1_103' title='bbox 1066 1233 1099 1284; x_wconf 89' lang='grc'>45</span> <span class='ocrx_word' id='word_1_104' title='bbox 1721 1261 1755 1270; x_wconf 88' lang='lat'>--</span> <span class='ocrx_word' id='word_1_105' title='bbox 1775 1233 1865 1284; x_wconf 92' lang='lat' dir='ltr'>Omnis</span> <span class='ocrx_word' id='word_1_106' title='bbox 1884 1233 2003 1296; x_wconf 88' lang='lat' dir='ltr'>probatio</span> <span class='ocrx_word' id='word_1_107' title='bbox 2024 1235 2169 1308; x_wconf 86' lang='lat' dir='ltr'>necessario</span> <span class='ocrx_word' id='word_1_108' title='bbox 2187 1245 2202 1284; x_wconf 90' lang='grc'>4</span> <span class='ocrx_word' id='word_1_109' title='bbox 2223 1237 2307 1284; x_wconf 89' lang='grc'>44444-</span> 
     </span>
    </p>

    <p class='ocr_par' dir='ltr' id='par_1_6' title="bbox 317 1319 2187 1388">
     <span class='ocr_line' id='line_1_9' title="bbox 317 1319 2187 1388; baseline 0 -14"><span class='ocrx_word' id='word_1_110' title='bbox 317 1323 346 1376; x_wconf 88' lang='grc'>144</span> <span class='ocrx_word' id='word_1_111' title='bbox 367 1329 450 1388; x_wconf 87' lang='lat' dir='ltr'>potest</span> <span class='ocrx_word' id='word_1_112' title='bbox 473 1335 623 1386; x_wconf 73' lang='lat' dir='ltr'><strong>supponere</strong></span> <span class='ocrx_word' id='word_1_113' title='bbox 643 1335 692 1386; x_wconf 91' lang='lat' dir='ltr'>pro</span> <span class='ocrx_word' id='word_1_114' title='bbox 713 1321 894 1386; x_wconf 85' lang='lat' dir='ltr'>praesentibus</span> <span class='ocrx_word' id='word_1_115' title='bbox 912 1321 953 1374; x_wconf 87' lang='lat' dir='ltr'>vel</span> <span class='ocrx_word' id='word_1_116' title='bbox 1047 1349 1079 1362; x_wconf 98' lang='lat'>-</span> <span class='ocrx_word' id='word_1_117' title='bbox 1099 1321 1245 1374; x_wconf 82' lang='lat' dir='ltr'>ostensivus</span> <span class='ocrx_word' id='word_1_118' title='bbox 1264 1319 1335 1372; x_wconf 87' lang='lat' dir='ltr'>ducit</span> <span class='ocrx_word' id='word_1_119' title='bbox 1356 1319 1451 1374; x_wconf 87' lang='lat' dir='ltr'>direete</span> <span class='ocrx_word' id='word_1_120' title='bbox 1472 1321 1504 1372; x_wconf 89' lang='lat' dir='ltr'>ad</span> <span class='ocrx_word' id='word_1_121' title='bbox 1523 1335 1627 1386; x_wconf 87' lang='lat' dir='ltr'>verutn,</span> <span class='ocrx_word' id='word_1_122' title='bbox 1670 1319 1707 1372; x_wconf 88' lang='lat' dir='ltr'>rio</span> <span class='ocrx_word' id='word_1_123' title='bbox 1728 1321 1816 1384; x_wconf 89' lang='lat' dir='ltr'>incipit</span> <span class='ocrx_word' id='word_1_124' title='bbox 1835 1329 1860 1374; x_wconf 86' lang='lat' dir='ltr'>et</span> <span class='ocrx_word' id='word_1_125' title='bbox 1877 1325 1917 1372; x_wconf 86' lang='lat' dir='ltr'>est</span> <span class='ocrx_word' id='word_1_126' title='bbox 1935 1325 2019 1386; x_wconf 88' lang='lat' dir='ltr'>prima</span> <span class='ocrx_word' id='word_1_127' title='bbox 2042 1323 2061 1374; x_wconf 97' lang='lat' dir='ltr'>V</span> <span class='ocrx_word' id='word_1_128' title='bbox 2084 1323 2127 1374; x_wconf 89' lang='grc'>401</span> <span class='ocrx_word' id='word_1_129' title='bbox 2155 1321 2187 1374; x_wconf 88' lang='grc'>40</span> 
     </span>
    </p>

    <p class='ocr_par' dir='ltr' id='par_1_7' title="bbox 316 1401 2307 1476">
     <span class='ocr_line' id='line_1_10' title="bbox 316 1401 2307 1476; baseline -0.001 -14"><span class='ocrx_word' id='word_1_130' title='bbox 316 1401 459 1476; x_wconf 77' lang='lat' dir='ltr'>praeteritis</span> <span class='ocrx_word' id='word_1_131' title='bbox 476 1425 522 1474; x_wconf 89' lang='lat' dir='ltr'>per</span> <span class='ocrx_word' id='word_1_132' title='bbox 541 1409 749 1474; x_wconf 68' lang='lat' dir='ltr'>indifferentiam,</span> <span class='ocrx_word' id='word_1_133' title='bbox 763 1423 813 1462; x_wconf 92' lang='lat' dir='ltr'>non</span> <span class='ocrx_word' id='word_1_134' title='bbox 830 1425 877 1474; x_wconf 83' lang='lat' dir='ltr'>per</span> <span class='ocrx_word' id='word_1_135' title='bbox 890 1409 954 1460; x_wconf 91' lang='lat' dir='ltr'>mul·</span> <span class='ocrx_word' id='word_1_136' title='bbox 984 1407 1016 1460; x_wconf 78' lang='lat' dir='ltr'>&#39;el</span> <span class='ocrx_word' id='word_1_137' title='bbox 1035 1423 1067 1462; x_wconf 87' lang='lat' dir='ltr'>eo</span> <span class='ocrx_word' id='word_1_138' title='bbox 1087 1407 1212 1462; x_wconf 87' lang='lat' dir='ltr'>utendum</span> <span class='ocrx_word' id='word_1_139' title='bbox 1234 1411 1271 1458; x_wconf 91' lang='lat' dir='ltr'>esl</span> <span class='ocrx_word' id='word_1_140' title='bbox 1290 1407 1322 1460; x_wconf 87' lang='lat' dir='ltr'>ad</span> <span class='ocrx_word' id='word_1_141' title='bbox 1337 1411 1455 1460; x_wconf 88' lang='lat' dir='ltr'>bontines</span> <span class='ocrx_word' id='word_1_142' title='bbox 1471 1407 1630 1472; x_wconf 86' lang='lat' dir='ltr'>persuadibi·</span> <span class='ocrx_word' id='word_1_143' title='bbox 1721 1435 1755 1446; x_wconf 88' lang='lat'>--</span> <span class='ocrx_word' id='word_1_144' title='bbox 1776 1407 1923 1474; x_wconf 82' lang='lat' dir='ltr'>Sylloglsml</span> <span class='ocrx_word' id='word_1_145' title='bbox 1941 1413 2091 1474; x_wconf 85' lang='lat' dir='ltr'>expositorii</span> <span class='ocrx_word' id='word_1_146' title='bbox 2111 1413 2193 1464; x_wconf 88' lang='lat' dir='ltr'>virtus</span> <span class='ocrx_word' id='word_1_147' title='bbox 2218 1407 2307 1460; x_wconf 88' lang='lat' dir='ltr'>lunda·</span> 
     </span>
    </p>

    <p class='ocr_par' dir='ltr' id='par_1_8' title="bbox 317 1495 2306 1566">
     <span class='ocr_line' id='line_1_11' title="bbox 317 1495 2306 1566; baseline -0.002 -14"><span class='ocrx_word' id='word_1_148' title='bbox 317 1499 473 1564; x_wconf 87' lang='lat' dir='ltr'>tipllcltatem</span> <span class='ocrx_word' id='word_1_149' title='bbox 500 1497 527 1548; x_wconf 98' lang='lat' dir='ltr'>lll</span> <span class='ocrx_word' id='word_1_150' title='bbox 555 1497 605 1548; x_wconf 91' lang='grc'>453</span> <span class='ocrx_word' id='word_1_151' title='bbox 632 1513 644 1548; x_wconf 97' lang='grc'>4</span> <span class='ocrx_word' id='word_1_152' title='bbox 672 1511 710 1564; x_wconf 82' lang='lat' dir='ltr'>sq.</span> <span class='ocrx_word' id='word_1_153' title='bbox 737 1495 798 1550; x_wconf 86' lang='lat' dir='ltr'>Vt&#39;da</span> <span class='ocrx_word' id='word_1_154' title='bbox 821 1497 850 1550; x_wconf 93' lang='lat' dir='ltr'>V.</span> <span class='ocrx_word' id='word_1_155' title='bbox 872 1497 953 1550; x_wconf 86' lang='lat' dir='ltr'>Prae·</span> <span class='ocrx_word' id='word_1_156' title='bbox 992 1497 1027 1548; x_wconf 89' lang='lat' dir='ltr'>les</span> <span class='ocrx_word' id='word_1_157' title='bbox 1048 1499 1074 1548; x_wconf 97' lang='grc'>111</span> <span class='ocrx_word' id='word_1_158' title='bbox 1094 1495 1146 1548; x_wconf 87' lang='grc'>885</span> <span class='ocrx_word' id='word_1_159' title='bbox 1166 1495 1183 1548; x_wconf 97' lang='lat' dir='ltr'>b</span> <span class='ocrx_word' id='word_1_160' title='bbox 1201 1523 1237 1534; x_wconf 81' lang='lat'>--</span> <span class='ocrx_word' id='word_1_161' title='bbox 1256 1509 1303 1560; x_wconf 91' lang='lat' dir='ltr'>per</span> <span class='ocrx_word' id='word_1_162' title='bbox 1322 1495 1485 1562; x_wconf 86' lang='lat' dir='ltr'>impossibile</span> <span class='ocrx_word' id='word_1_163' title='bbox 1507 1497 1577 1548; x_wconf 85' lang='lat' dir='ltr'>ducit</span> <span class='ocrx_word' id='word_1_164' title='bbox 1596 1497 1629 1548; x_wconf 90' lang='lat' dir='ltr'>ad</span> <span class='ocrx_word' id='word_1_165' title='bbox 1669 1503 1710 1548; x_wconf 90' lang='lat' dir='ltr'>tur</span> <span class='ocrx_word' id='word_1_166' title='bbox 1730 1497 1949 1560; x_wconf 85' lang='lat' dir='ltr'>permaximam:</span> <span class='ocrx_word' id='word_1_167' title='bbox 1970 1499 2253 1566; x_wconf 75' lang='lat' dir='ltr'>outrecumnneuniet</span> <span class='ocrx_word' id='word_1_168' title='bbox 2274 1497 2306 1548; x_wconf 86' lang='lat' dir='ltr'>cl·</span> 
     </span>
    </p>

    <p class='ocr_par' dir='ltr' id='par_1_9' title="bbox 316 1581 2304 1738">
     <span class='ocr_line' id='line_1_12' title="bbox 316 1581 2304 1650; baseline -0.002 -10"><span class='ocrx_word' id='word_1_169' title='bbox 316 1587 419 1640; x_wconf 83' lang='lat' dir='ltr'>sensio</span> <span class='ocrx_word' id='word_1_170' title='bbox 440 1587 525 1638; x_wconf 87' lang='lat' dir='ltr'>lodice</span> <span class='ocrx_word' id='word_1_171' title='bbox 545 1599 633 1650; x_wconf 85' lang='lat' dir='ltr'>gener.</span> <span class='ocrx_word' id='word_1_172' title='bbox 992 1585 1127 1638; x_wconf 77' lang='lat' dir='ltr'>manifeste</span> <span class='ocrx_word' id='word_1_173' title='bbox 1145 1583 1255 1648; x_wconf 91' lang='lat' dir='ltr'>lalsnm,</span> <span class='ocrx_word' id='word_1_174' title='bbox 1268 1591 1304 1636; x_wconf 94' lang='grc' dir='ltr'>Ι44</span> <span class='ocrx_word' id='word_1_175' title='bbox 1321 1599 1369 1648; x_wconf 79' lang='grc'>444</span> <span class='ocrx_word' id='word_1_176' title='bbox 1387 1585 1450 1636; x_wconf 88' lang='grc'>41146</span> <span class='ocrx_word' id='word_1_177' title='bbox 1471 1583 1577 1636; x_wconf 88' lang='lat' dir='ltr'>reducat</span> <span class='ocrx_word' id='word_1_178' title='bbox 1596 1585 1629 1638; x_wconf 89' lang='grc'>46</span> <span class='ocrx_word' id='word_1_179' title='bbox 1668 1583 1729 1636; x_wconf 85' lang='lat' dir='ltr'>dem</span> <span class='ocrx_word' id='word_1_180' title='bbox 1748 1591 1807 1636; x_wconf 91' lang='lat' dir='ltr'>sunt</span> <span class='ocrx_word' id='word_1_181' title='bbox 1824 1585 1932 1648; x_wconf 70' lang='lat' dir='ltr'>tradem,</span> <span class='ocrx_word' id='word_1_182' title='bbox 1961 1587 2028 1638; x_wconf 89' lang='lat' dir='ltr'>inter</span> <span class='ocrx_word' id='word_1_183' title='bbox 2046 1601 2073 1638; x_wconf 91' lang='lat' dir='ltr'>se</span> <span class='ocrx_word' id='word_1_184' title='bbox 2099 1581 2160 1640; x_wconf 88' lang='lat' dir='ltr'>sont</span> <span class='ocrx_word' id='word_1_185' title='bbox 2185 1585 2277 1638; x_wconf 86' lang='lat' dir='ltr'>eadem</span> <span class='ocrx_word' id='word_1_186' title='bbox 2298 1585 2304 1634; x_wconf 99' lang='lat' dir='ltr'>l</span> 
     </span>
     <span class='ocr_line' id='line_1_13' title="bbox 371 1669 1992 1738; baseline 0.001 -14"><span class='ocrx_word' id='word_1_187' title='bbox 371 1701 403 1712; x_wconf 84' lang='lat'>-</span> <span class='ocrx_word' id='word_1_188' title='bbox 433 1673 523 1724; x_wconf 89' lang='lat' dir='ltr'>llodus</span> <span class='ocrx_word' id='word_1_189' title='bbox 554 1673 717 1738; x_wconf 89' lang='lat' dir='ltr'>supponendi</span> <span class='ocrx_word' id='word_1_190' title='bbox 751 1679 834 1736; x_wconf 89' lang='lat' dir='ltr'>potest</span> <span class='ocrx_word' id='word_1_191' title='bbox 860 1675 951 1724; x_wconf 88' lang='lat' dir='ltr'>variari</span> <span class='ocrx_word' id='word_1_192' title='bbox 991 1669 1338 1726; x_wconf 80' lang='grc'>4444444616.1114853*</span> <span class='ocrx_word' id='word_1_193' title='bbox 1668 1671 1953 1738; x_wconf 67' lang='grc'>576444.1.111171</span> <span class='ocrx_word' id='word_1_194' title='bbox 1979 1689 1992 1726; x_wconf 88' lang='grc'>4</span> 
     </span>
    </p>

    <p class='ocr_par' dir='ltr' id='par_1_10' title="bbox 317 1761 2305 1826">
     <span class='ocr_line' id='line_1_14' title="bbox 317 1761 2305 1826; baseline 0 -14"><span class='ocrx_word' id='word_1_195' title='bbox 317 1763 430 1816; x_wconf 87' lang='lat' dir='ltr'>maxime</span> <span class='ocrx_word' id='word_1_196' title='bbox 442 1761 585 1812; x_wconf 90' lang='lat' dir='ltr'>secundnm</span> <span class='ocrx_word' id='word_1_197' title='bbox 601 1773 688 1826; x_wconf 87' lang='lat' dir='ltr'>nsum,</span> <span class='ocrx_word' id='word_1_198' title='bbox 701 1769 726 1812; x_wconf 93' lang='lat' dir='ltr'>et</span> <span class='ocrx_word' id='word_1_199' title='bbox 740 1761 759 1812; x_wconf 93' lang='lat' dir='ltr'>si</span> <span class='ocrx_word' id='word_1_200' title='bbox 773 1761 837 1812; x_wconf 89' lang='lat' dir='ltr'>ratio</span> <span class='ocrx_word' id='word_1_201' title='bbox 851 1761 882 1812; x_wconf 90' lang='lat' dir='ltr'>sit</span> <span class='ocrx_word' id='word_1_202' title='bbox 894 1773 953 1812; x_wconf 91' lang='lat' dir='ltr'>coo·</span> <span class='ocrx_word' id='word_1_203' title='bbox 1043 1789 1077 1800; x_wconf 89' lang='lat'>-</span> <span class='ocrx_word' id='word_1_204' title='bbox 1097 1761 1215 1824; x_wconf 74' lang='lat' dir='ltr'>Analysis</span> <span class='ocrx_word' id='word_1_205' title='bbox 1235 1761 1317 1824; x_wconf 83' lang='lat' dir='ltr'>priora</span> <span class='ocrx_word' id='word_1_206' title='bbox 1337 1767 1364 1812; x_wconf 92' lang='lat' dir='ltr'>et</span> <span class='ocrx_word' id='word_1_207' title='bbox 1389 1761 1503 1812; x_wconf 85' lang='lat' dir='ltr'>secanda</span> <span class='ocrx_word' id='word_1_208' title='bbox 1532 1767 1570 1812; x_wconf 86' lang='lat' dir='ltr'>est</span> <span class='ocrx_word' id='word_1_209' title='bbox 1596 1763 1628 1814; x_wconf 91' lang='lat' dir='ltr'>de</span> <span class='ocrx_word' id='word_1_210' title='bbox 1720 1791 1755 1802; x_wconf 88' lang='lat'>-</span> <span class='ocrx_word' id='word_1_211' title='bbox 1774 1767 1913 1818; x_wconf 83' lang='lat' dir='ltr'>tentativus</span> <span class='ocrx_word' id='word_1_212' title='bbox 1931 1763 2056 1816; x_wconf 88' lang='lat' dir='ltr'>dividitur</span> <span class='ocrx_word' id='word_1_213' title='bbox 2075 1773 2164 1816; x_wconf 88' lang='lat' dir='ltr'>contra</span> <span class='ocrx_word' id='word_1_214' title='bbox 2187 1761 2305 1826; x_wconf 90' lang='lat' dir='ltr'>sopbisti·</span> 
     </span>
    </p>

    <p class='ocr_par' dir='ltr' id='par_1_11' title="bbox 317 1847 1885 1914">
     <span class='ocr_line' id='line_1_15' title="bbox 317 1847 1885 1914; baseline 0.001 -12"><span class='ocrx_word' id='word_1_215' title='bbox 317 1853 423 1904; x_wconf 85' lang='grc'>4404444</span> <span class='ocrx_word' id='word_1_216' title='bbox 443 1851 501 1902; x_wconf 88' lang='grc'>4444</span> <span class='ocrx_word' id='word_1_217' title='bbox 520 1851 526 1900; x_wconf 98' lang='lat' dir='ltr'>l</span> <span class='ocrx_word' id='word_1_218' title='bbox 548 1847 598 1900; x_wconf 90' lang='grc'>444</span> <span class='ocrx_word' id='word_1_219' title='bbox 619 1847 646 1900; x_wconf 89' lang='grc'>4*</span> <span class='ocrx_word' id='word_1_220' title='bbox 991 1849 1142 1914; x_wconf 81' lang='lat' dir='ltr'>syllogismo</span> <span class='ocrx_word' id='word_1_221' title='bbox 1162 1847 1321 1914; x_wconf 87' lang='lat' dir='ltr'>simpliciter,</span> <span class='ocrx_word' id='word_1_222' title='bbox 1348 1851 1552 1902; x_wconf 88' lang='lat' dir='ltr'>resolutorie-in</span> <span class='ocrx_word' id='word_1_223' title='bbox 1570 1863 1628 1902; x_wconf 87' lang='lat' dir='ltr'>ran·</span> <span class='ocrx_word' id='word_1_224' title='bbox 1667 1865 1728 1904; x_wconf 91' lang='lat' dir='ltr'>cnm</span> <span class='ocrx_word' id='word_1_225' title='bbox 1749 1853 1767 1904; x_wconf 96' lang='lat' dir='ltr'>ll</span> <span class='ocrx_word' id='word_1_226' title='bbox 1789 1853 1836 1904; x_wconf 89' lang='grc'>499</span> <span class='ocrx_word' id='word_1_227' title='bbox 1858 1849 1885 1904; x_wconf 92' lang='grc'>3*</span> 
     </span>
    </p>
   </div>
   <div class='ocr_carea' id='block_1_4' title="bbox 375 1995 384 2028">
    <p class='ocr_par' dir='ltr' id='par_1_12' title="bbox 375 1995 384 2028">
     <span class='ocr_line' id='line_1_16' title="bbox 375 1995 384 2028; baseline 0 0"><span class='ocrx_word' id='word_1_228' title='bbox 375 1995 384 2028; x_wconf 77' lang='grc' dir='ltr'><em>Ι</em></span> 
     </span>
    </p>
   </div>
   <div class='ocr_carea' id='block_1_5' title="bbox 314 2553 2346 6960">
    <p class='ocr_par' dir='ltr' id='par_1_13' title="bbox 314 2553 2346 6960">
     <span class='ocr_line' id='line_1_17' title="bbox 371 2553 2305 2624; baseline -0.002 -18"><span class='ocrx_word' id='word_1_229' title='bbox 371 2553 954 2608; x_wconf 83' lang='lat' dir='ltr'>Taneos—communisslmedicitmensn-</span> <span class='ocrx_word' id='word_1_230' title='bbox 993 2569 1071 2620; x_wconf 73' lang='lat' dir='ltr'>snprer</span> <span class='ocrx_word' id='word_1_231' title='bbox 1091 2557 1179 2622; x_wconf 87' lang='lat' dir='ltr'>ipsum</span> <span class='ocrx_word' id='word_1_232' title='bbox 1198 2563 1297 2610; x_wconf 91' lang='lat' dir='ltr'>motum</span> <span class='ocrx_word' id='word_1_233' title='bbox 1317 2557 1339 2608; x_wconf 98' lang='lat' dir='ltr'>V</span> <span class='ocrx_word' id='word_1_234' title='bbox 1361 2557 1629 2624; x_wconf 80' lang='lat' dir='ltr'>Vtin-qnantum</span> <span class='ocrx_word' id='word_1_235' title='bbox 1670 2567 1727 2606; x_wconf 92' lang='lat' dir='ltr'>mm</span> <span class='ocrx_word' id='word_1_236' title='bbox 1747 2553 1780 2606; x_wconf 93' lang='lat' dir='ltr'>lV</span> <span class='ocrx_word' id='word_1_237' title='bbox 1800 2555 1850 2606; x_wconf 84' lang='grc'>450</span> <span class='ocrx_word' id='word_1_238' title='bbox 1870 2553 1886 2604; x_wconf 94' lang='lat' dir='ltr'>b</span> <span class='ocrx_word' id='word_1_239' title='bbox 1906 2565 2009 2604; x_wconf 89' lang='lat' dir='ltr'>-non</span> <span class='ocrx_word' id='word_1_240' title='bbox 2030 2553 2156 2606; x_wconf 90' lang='lat' dir='ltr'>dividitur</span> <span class='ocrx_word' id='word_1_241' title='bbox 2174 2553 2305 2604; x_wconf 88' lang='lat' dir='ltr'>interduo</span> 
     </span>
     <span class='ocr_line' id='line_1_18' title="bbox 317 2641 2061 2710; baseline -0.003 -14"><span class='ocrx_word' id='word_1_242' title='bbox 317 2657 374 2696; x_wconf 89' lang='lat' dir='ltr'>ram</span> <span class='ocrx_word' id='word_1_243' title='bbox 393 2643 530 2694; x_wconf 91' lang='lat' dir='ltr'>cuiuslibet</span> <span class='ocrx_word' id='word_1_244' title='bbox 551 2643 694 2695; x_wconf 90' lang='lat' dir='ltr'>durationis</span> <span class='ocrx_word' id='word_1_245' title='bbox 713 2649 815 2696; x_wconf 88' lang='lat' dir='ltr'>creatae</span> <span class='ocrx_word' id='word_1_246' title='bbox 835 2643 852 2694; x_wconf 99' lang='lat' dir='ltr'>ll</span> <span class='ocrx_word' id='word_1_247' title='bbox 873 2643 906 2694; x_wconf 87' lang='grc'>64</span> <span class='ocrx_word' id='word_1_248' title='bbox 927 2643 952 2696; x_wconf 91' lang='lat' dir='ltr'>b.</span> <span class='ocrx_word' id='word_1_249' title='bbox 992 2657 1029 2696; x_wconf 89' lang='lat' dir='ltr'>cst</span> <span class='ocrx_word' id='word_1_250' title='bbox 1050 2645 1140 2710; x_wconf 87' lang='grc'>6444,</span> <span class='ocrx_word' id='word_1_251' title='bbox 1160 2647 1263 2708; x_wconf 87' lang='lat' dir='ltr'>respicit</span> <span class='ocrx_word' id='word_1_252' title='bbox 1283 2647 1451 2700; x_wconf 77' lang='lat' dir='ltr'>variationem</span> <span class='ocrx_word' id='word_1_253' title='bbox 1478 2655 1502 2700; x_wconf 90' lang='lat' dir='ltr'>et</span> <span class='ocrx_word' id='word_1_254' title='bbox 1528 2655 1627 2700; x_wconf 89' lang='lat' dir='ltr'>motum</span> <span class='ocrx_word' id='word_1_255' title='bbox 1668 2641 1909 2694; x_wconf 85' lang='grc'>444444444111449</span> <span class='ocrx_word' id='word_1_256' title='bbox 1930 2641 1955 2694; x_wconf 94' lang='lat' dir='ltr'>b.</span> <span class='ocrx_word' id='word_1_257' title='bbox 1977 2641 2061 2692; x_wconf 88' lang='grc'>4504</span> 
     </span>
     <span class='ocr_line' id='line_1_19' title="bbox 318 2727 2305 2796; baseline -0.002 -12"><span class='ocrx_word' id='word_1_258' title='bbox 318 2733 339 2784; x_wconf 96' lang='lat' dir='ltr'>V</span> <span class='ocrx_word' id='word_1_259' title='bbox 365 2733 405 2784; x_wconf 91' lang='grc'>101</span> <span class='ocrx_word' id='word_1_260' title='bbox 431 2729 459 2784; x_wconf 89' lang='grc'>5*</span> <span class='ocrx_word' id='word_1_261' title='bbox 477 2759 513 2770; x_wconf 93' lang='grc'>-</span> <span class='ocrx_word' id='word_1_262' title='bbox 531 2733 747 2784; x_wconf 83' lang='lat' dir='ltr'>communissima</span> <span class='ocrx_word' id='word_1_263' title='bbox 771 2731 867 2784; x_wconf 90' lang='lat' dir='ltr'>dicitur</span> <span class='ocrx_word' id='word_1_264' title='bbox 886 2745 954 2784; x_wconf 85' lang='lat' dir='ltr'>men·</span> <span class='ocrx_word' id='word_1_265' title='bbox 993 2735 1010 2786; x_wconf 98' lang='lat' dir='ltr'>ll</span> <span class='ocrx_word' id='word_1_266' title='bbox 1030 2735 1064 2786; x_wconf 88' lang='lat'>60</span> <span class='ocrx_word' id='word_1_267' title='bbox 1088 2733 1112 2784; x_wconf 87' lang='grc' dir='ltr'>Ι*</span> <span class='ocrx_word' id='word_1_268' title='bbox 1130 2761 1165 2772; x_wconf 90' lang='lat'><em>-</em></span> <span class='ocrx_word' id='word_1_269' title='bbox 1182 2741 1315 2788; x_wconf 87' lang='lat' dir='ltr'>mensurat</span> <span class='ocrx_word' id='word_1_270' title='bbox 1328 2741 1428 2788; x_wconf 89' lang='lat' dir='ltr'>motum</span> <span class='ocrx_word' id='word_1_271' title='bbox 1443 2737 1458 2786; x_wconf 94' lang='lat' dir='ltr'>ll</span> <span class='ocrx_word' id='word_1_272' title='bbox 1475 2735 1507 2786; x_wconf 90' lang='grc'>65</span> <span class='ocrx_word' id='word_1_273' title='bbox 1522 2735 1551 2788; x_wconf 89' lang='grc'>3*</span> <span class='ocrx_word' id='word_1_274' title='bbox 1568 2735 1630 2790; x_wconf 81' lang='lat' dir='ltr'>Vide</span> <span class='ocrx_word' id='word_1_275' title='bbox 1721 2761 1755 2770; x_wconf 89' lang='lat'>-—</span> <span class='ocrx_word' id='word_1_276' title='bbox 1775 2733 1863 2784; x_wconf 87' lang='lat' dir='ltr'>Unitas</span> <span class='ocrx_word' id='word_1_277' title='bbox 1876 2733 2001 2796; x_wconf 86' lang='lat' dir='ltr'>temporis</span> <span class='ocrx_word' id='word_1_278' title='bbox 2015 2745 2064 2782; x_wconf 91' lang='lat' dir='ltr'>non</span> <span class='ocrx_word' id='word_1_279' title='bbox 2079 2731 2191 2784; x_wconf 89' lang='lat' dir='ltr'>sumitur</span> <span class='ocrx_word' id='word_1_280' title='bbox 2204 2727 2238 2782; x_wconf 91' lang='lat' dir='ltr'>ab</span> <span class='ocrx_word' id='word_1_281' title='bbox 2250 2731 2305 2780; x_wconf 91' lang='lat' dir='ltr'>nni-</span> 
     </span>
     <span class='ocr_line' id='line_1_20' title="bbox 318 2817 2306 2888; baseline -0.003 -14"><span class='ocrx_word' id='word_1_282' title='bbox 318 2835 378 2874; x_wconf 90' lang='lat' dir='ltr'>snra</span> <span class='ocrx_word' id='word_1_283' title='bbox 398 2823 480 2872; x_wconf 88' lang='lat' dir='ltr'>exitus</span> <span class='ocrx_word' id='word_1_284' title='bbox 500 2821 531 2872; x_wconf 90' lang='lat' dir='ltr'>de</span> <span class='ocrx_word' id='word_1_285' title='bbox 551 2835 601 2874; x_wconf 92' lang='lat' dir='ltr'>non</span> <span class='ocrx_word' id='word_1_286' title='bbox 623 2823 722 2872; x_wconf 89' lang='lat' dir='ltr'>esseio</span> <span class='ocrx_word' id='word_1_287' title='bbox 743 2819 954 2874; x_wconf 85' lang='lat' dir='ltr'>essell38d.l</span> <span class='ocrx_word' id='word_1_288' title='bbox 997 2823 1024 2874; x_wconf 86' lang='lat' dir='ltr'>V.</span> <span class='ocrx_word' id='word_1_289' title='bbox 1045 2823 1119 2878; x_wconf 78' lang='lat' dir='ltr'>Aeliu</span> <span class='ocrx_word' id='word_1_290' title='bbox 1136 2819 1206 2884; x_wconf 71' lang='lat' dir='ltr'>(itti</span> <span class='ocrx_word' id='word_1_291' title='bbox 1220 2821 1371 2886; x_wconf 70' lang='lat' dir='ltr'>lii-non</span> <span class='ocrx_word' id='word_1_292' title='bbox 1390 2831 1437 2888; x_wconf 89' lang='lat' dir='ltr'>est,</span> <span class='ocrx_word' id='word_1_293' title='bbox 1456 2823 1501 2876; x_wconf 91' lang='lat' dir='ltr'>nbi</span> <span class='ocrx_word' id='word_1_294' title='bbox 1520 2837 1571 2874; x_wconf 92' lang='lat' dir='ltr'>non</span> <span class='ocrx_word' id='word_1_295' title='bbox 1592 2833 1630 2878; x_wconf 88' lang='lat' dir='ltr'>est</span> <span class='ocrx_word' id='word_1_296' title='bbox 1669 2825 1718 2872; x_wconf 88' lang='lat' dir='ltr'>late</span> <span class='ocrx_word' id='word_1_297' title='bbox 1745 2821 1927 2886; x_wconf 87' lang='lat' dir='ltr'>motnsprimi</span> <span class='ocrx_word' id='word_1_298' title='bbox 1947 2817 2051 2872; x_wconf 90' lang='lat' dir='ltr'>mobilis</span> <span class='ocrx_word' id='word_1_299' title='bbox 2070 2820 2087 2870; x_wconf 98' lang='lat' dir='ltr'>ll</span> <span class='ocrx_word' id='word_1_300' title='bbox 2108 2819 2141 2870; x_wconf 86' lang='lat'>53</span> <span class='ocrx_word' id='word_1_301' title='bbox 2162 2817 2306 2870; x_wconf 84' lang='lat' dir='ltr'>rt-Unl-</span> 
     </span>
     <span class='ocr_line' id='line_1_21' title="bbox 318 2907 2307 2974; baseline -0.002 -12"><span class='ocrx_word' id='word_1_302' title='bbox 318 2937 350 2946; x_wconf 89' lang='lat'>-</span> <span class='ocrx_word' id='word_1_303' title='bbox 371 2911 545 2962; x_wconf 86' lang='lat' dir='ltr'>communiter</span> <span class='ocrx_word' id='word_1_304' title='bbox 564 2909 656 2960; x_wconf 89' lang='lat' dir='ltr'>dicitnr</span> <span class='ocrx_word' id='word_1_305' title='bbox 676 2923 797 2960; x_wconf 86' lang='lat' dir='ltr'>mensura</span> <span class='ocrx_word' id='word_1_306' title='bbox 818 2907 954 2960; x_wconf 79' lang='lat' dir='ltr'>utriuslibet</span> <span class='ocrx_word' id='word_1_307' title='bbox 994 2913 1100 2964; x_wconf 87' lang='lat' dir='ltr'>mutatio</span> <span class='ocrx_word' id='word_1_308' title='bbox 1121 2913 1136 2964; x_wconf 95' lang='lat' dir='ltr'>ll</span> <span class='ocrx_word' id='word_1_309' title='bbox 1158 2913 1187 2962; x_wconf 92' lang='lat' dir='ltr'>3l</span> <span class='ocrx_word' id='word_1_310' title='bbox 1211 2913 1227 2962; x_wconf 87' lang='grc'>4.</span> <span class='ocrx_word' id='word_1_311' title='bbox 1249 2913 1263 2962; x_wconf 88' lang='grc'>6</span> <span class='ocrx_word' id='word_1_312' title='bbox 1669 2917 1706 2962; x_wconf 88' lang='grc'>444</span> <span class='ocrx_word' id='word_1_313' title='bbox 1727 2913 1851 2974; x_wconf 86' lang='lat' dir='ltr'>temporis</span> <span class='ocrx_word' id='word_1_314' title='bbox 1868 2913 1908 2960; x_wconf 86' lang='lat' dir='ltr'>est</span> <span class='ocrx_word' id='word_1_315' title='bbox 1926 2911 2031 2974; x_wconf 89' lang='lat' dir='ltr'>proprie</span> <span class='ocrx_word' id='word_1_316' title='bbox 2050 2907 2083 2958; x_wconf 87' lang='lat' dir='ltr'>ab</span> <span class='ocrx_word' id='word_1_317' title='bbox 2108 2909 2203 2962; x_wconf 88' lang='lat' dir='ltr'>unitate</span> <span class='ocrx_word' id='word_1_318' title='bbox 2228 2917 2307 2960; x_wconf 89' lang='lat' dir='ltr'>mate-</span> 
     </span>
     <span class='ocr_line' id='line_1_22' title="bbox 317 2995 2305 3062; baseline 0 -14"><span class='ocrx_word' id='word_1_319' title='bbox 317 2999 477 3060; x_wconf 82' lang='lat' dir='ltr'>mutationis,</span> <span class='ocrx_word' id='word_1_320' title='bbox 498 2999 610 3048; x_wconf 90' lang='lat' dir='ltr'>maxime</span> <span class='ocrx_word' id='word_1_321' title='bbox 629 2997 697 3048; x_wconf 90' lang='lat' dir='ltr'>illins</span> <span class='ocrx_word' id='word_1_322' title='bbox 725 3009 794 3062; x_wconf 78' lang='lat' dir='ltr'>queve</span> <span class='ocrx_word' id='word_1_323' title='bbox 821 2997 869 3048; x_wconf 89' lang='grc'>4444</span> <span class='ocrx_word' id='word_1_324' title='bbox 895 3003 954 3048; x_wconf 87' lang='grc'>4444</span> <span class='ocrx_word' id='word_1_325' title='bbox 1046 3027 1078 3038; x_wconf 83' lang='lat'>-</span> <span class='ocrx_word' id='word_1_326' title='bbox 1097 3007 1136 3052; x_wconf 89' lang='lat' dir='ltr'>est</span> <span class='ocrx_word' id='word_1_327' title='bbox 1161 3013 1281 3050; x_wconf 90' lang='lat' dir='ltr'>mensura</span> <span class='ocrx_word' id='word_1_328' title='bbox 1311 3001 1443 3052; x_wconf 86' lang='grc'>0444414444</span> <span class='ocrx_word' id='word_1_329' title='bbox 1472 3003 1629 3054; x_wconf 83' lang='grc'>0044444444</span> <span class='ocrx_word' id='word_1_330' title='bbox 1669 2997 1721 3048; x_wconf 88' lang='lat' dir='ltr'>rlne</span> <span class='ocrx_word' id='word_1_331' title='bbox 1741 2995 1801 3048; x_wconf 85' lang='lat' dir='ltr'>ibid.</span> <span class='ocrx_word' id='word_1_332' title='bbox 1820 3001 2125 3048; x_wconf 86' lang='lat' dir='ltr'>-estnnumnumero</span> <span class='ocrx_word' id='word_1_333' title='bbox 2144 2997 2305 3048; x_wconf 85' lang='lat' dir='ltr'>inomnibus</span> 
     </span>
     <span class='ocr_line' id='line_1_23' title="bbox 317 3083 2305 3152; baseline -0.001 -14"><span class='ocrx_word' id='word_1_334' title='bbox 317 3087 431 3150; x_wconf 89' lang='lat' dir='ltr'>primum</span> <span class='ocrx_word' id='word_1_335' title='bbox 451 3085 546 3136; x_wconf 90' lang='lat' dir='ltr'>mobile</span> <span class='ocrx_word' id='word_1_336' title='bbox 566 3083 627 3138; x_wconf 83' lang='lat' dir='ltr'>inid.</span> <span class='ocrx_word' id='word_1_337' title='bbox 647 3085 681 3136; x_wconf 89' lang='grc'>64</span> <span class='ocrx_word' id='word_1_338' title='bbox 700 3083 717 3136; x_wconf 90' lang='lat' dir='ltr'>b</span> <span class='ocrx_word' id='word_1_339' title='bbox 737 3113 771 3122; x_wconf 92' lang='lat'><em>-</em></span> <span class='ocrx_word' id='word_1_340' title='bbox 792 3087 899 3150; x_wconf 87' lang='lat' dir='ltr'>proprie</span> <span class='ocrx_word' id='word_1_341' title='bbox 919 3085 954 3134; x_wconf 93' lang='lat' dir='ltr'>di·</span> <span class='ocrx_word' id='word_1_342' title='bbox 994 3089 1074 3139; x_wconf 87' lang='grc'>440444</span> <span class='ocrx_word' id='word_1_343' title='bbox 1094 3095 1118 3142; x_wconf 88' lang='grc'>44</span> <span class='ocrx_word' id='word_1_344' title='bbox 1138 3087 1227 3140; x_wconf 87' lang='lat' dir='ltr'>mobili</span> <span class='ocrx_word' id='word_1_345' title='bbox 1248 3089 1264 3138; x_wconf 94' lang='lat' dir='ltr'>ll</span> <span class='ocrx_word' id='word_1_346' title='bbox 1285 3087 1318 3138; x_wconf 89' lang='grc'>40</span> <span class='ocrx_word' id='word_1_347' title='bbox 1337 3101 1392 3152; x_wconf 82' lang='lat' dir='ltr'>arg.</span> <span class='ocrx_word' id='word_1_348' title='bbox 1414 3089 1429 3140; x_wconf 89' lang='grc'>3</span> <span class='ocrx_word' id='word_1_349' title='bbox 1670 3085 1860 3150; x_wconf 74' lang='lat' dir='ltr'>temporalibus</span> <span class='ocrx_word' id='word_1_350' title='bbox 1877 3099 1926 3150; x_wconf 89' lang='lat' dir='ltr'>per</span> <span class='ocrx_word' id='word_1_351' title='bbox 1943 3087 2097 3148; x_wconf 83' lang='lat' dir='ltr'>essentiam,</span> <span class='ocrx_word' id='word_1_352' title='bbox 2117 3087 2239 3138; x_wconf 84' lang='lat' dir='ltr'>disserens</span> <span class='ocrx_word' id='word_1_353' title='bbox 2258 3099 2305 3150; x_wconf 90' lang='lat' dir='ltr'>per</span> 
     </span>
     <span class='ocr_line' id='line_1_24' title="bbox 318 3171 2132 3240; baseline -0.001 -14"><span class='ocrx_word' id='word_1_354' title='bbox 318 3175 350 3226; x_wconf 91' lang='lat' dir='ltr'>cit</span> <span class='ocrx_word' id='word_1_355' title='bbox 370 3187 518 3224; x_wconf 90' lang='lat' dir='ltr'>mensuram</span> <span class='ocrx_word' id='word_1_356' title='bbox 538 3173 690 3224; x_wconf 88' lang='lat' dir='ltr'>variationis</span> <span class='ocrx_word' id='word_1_357' title='bbox 707 3175 873 3224; x_wconf 81' lang='lat' dir='ltr'>successivae</span> <span class='ocrx_word' id='word_1_358' title='bbox 897 3187 954 3224; x_wconf 90' lang='lat' dir='ltr'>suc·</span> <span class='ocrx_word' id='word_1_359' title='bbox 1045 3181 1143 3238; x_wconf 86' lang='lat' dir='ltr'>-est,</span> <span class='ocrx_word' id='word_1_360' title='bbox 1165 3173 1209 3226; x_wconf 89' lang='lat' dir='ltr'>nbi</span> <span class='ocrx_word' id='word_1_361' title='bbox 1229 3181 1266 3228; x_wconf 90' lang='lat' dir='ltr'>est</span> <span class='ocrx_word' id='word_1_362' title='bbox 1286 3177 1624 3240; x_wconf 79' lang='lat' dir='ltr'>oriosetposteriostaot</span> <span class='ocrx_word' id='word_1_363' title='bbox 1667 3171 2132 3236; x_wconf 82' lang='grc'>44444046.601*,4*.1114504</span> 
     </span>
     <span class='ocr_line' id='line_1_25' title="bbox 317 3259 2305 3330; baseline -0.002 -16"><span class='ocrx_word' id='word_1_364' title='bbox 317 3261 433 3314; x_wconf 83' lang='lat' dir='ltr'>cessione</span> <span class='ocrx_word' id='word_1_365' title='bbox 452 3261 565 3324; x_wconf 83' lang='lat' dir='ltr'>regulari</span> <span class='ocrx_word' id='word_1_366' title='bbox 583 3269 609 3312; x_wconf 91' lang='grc'>44</span> <span class='ocrx_word' id='word_1_367' title='bbox 628 3261 748 3312; x_wconf 91' lang='lat' dir='ltr'>continua</span> <span class='ocrx_word' id='word_1_368' title='bbox 760 3261 818 3312; x_wconf 91' lang='lat' dir='ltr'>slve</span> <span class='ocrx_word' id='word_1_369' title='bbox 832 3273 882 3312; x_wconf 90' lang='lat' dir='ltr'>non</span> <span class='ocrx_word' id='word_1_370' title='bbox 896 3273 955 3312; x_wconf 92' lang='lat' dir='ltr'>con·</span> <span class='ocrx_word' id='word_1_371' title='bbox 993 3263 1242 3318; x_wconf 81' lang='grc'>4311594-10</span> <span class='ocrx_word' id='word_1_372' title='bbox 1259 3265 1329 3314; x_wconf 91' lang='lat' dir='ltr'>omni</span> <span class='ocrx_word' id='word_1_373' title='bbox 1350 3271 1467 3330; x_wconf 87' lang='lat' dir='ltr'>tempore</span> <span class='ocrx_word' id='word_1_374' title='bbox 1481 3271 1518 3316; x_wconf 90' lang='lat' dir='ltr'>cst</span> <span class='ocrx_word' id='word_1_375' title='bbox 1532 3279 1629 3330; x_wconf 90' lang='lat' dir='ltr'>ponere</span> <span class='ocrx_word' id='word_1_376' title='bbox 1722 3289 1754 3300; x_wconf 91' lang='lat'>-·</span> <span class='ocrx_word' id='word_1_377' title='bbox 1775 3261 1979 3314; x_wconf 77' lang='lat' dir='ltr'>caeremoniam</span> <span class='ocrx_word' id='word_1_378' title='bbox 2004 3263 2070 3312; x_wconf 91' lang='lat' dir='ltr'>inter</span> <span class='ocrx_word' id='word_1_379' title='bbox 2096 3259 2227 3328; x_wconf 84' lang='lat' dir='ltr'>quaelibet</span> <span class='ocrx_word' id='word_1_380' title='bbox 2249 3261 2305 3314; x_wconf 92' lang='lat' dir='ltr'>dno</span> 
     </span>
     <span class='ocr_line' id='line_1_26' title="bbox 317 3347 2303 3418; baseline 0 -18"><span class='ocrx_word' id='word_1_381' title='bbox 317 3351 384 3400; x_wconf 89' lang='grc'>44444</span> <span class='ocrx_word' id='word_1_382' title='bbox 405 3349 476 3400; x_wconf 91' lang='grc'>1165</span> <span class='ocrx_word' id='word_1_383' title='bbox 497 3347 660 3400; x_wconf 80' lang='grc'>46614-</span> <span class='ocrx_word' id='word_1_384' title='bbox 683 3347 767 3414; x_wconf 79' lang='lat' dir='ltr'>magis</span> <span class='ocrx_word' id='word_1_385' title='bbox 793 3351 898 3414; x_wconf 89' lang='lat' dir='ltr'>proprie</span> <span class='ocrx_word' id='word_1_386' title='bbox 918 3349 954 3400; x_wconf 94' lang='lat' dir='ltr'>dl·</span> <span class='ocrx_word' id='word_1_387' title='bbox 993 3353 1110 3418; x_wconf 88' lang='lat' dir='ltr'>prinset</span> <span class='ocrx_word' id='word_1_388' title='bbox 1130 3351 1258 3417; x_wconf 84' lang='lat' dir='ltr'>posterius</span> <span class='ocrx_word' id='word_1_389' title='bbox 1277 3359 1302 3404; x_wconf 91' lang='lat' dir='ltr'>ct</span> <span class='ocrx_word' id='word_1_390' title='bbox 1325 3351 1495 3416; x_wconf 88' lang='lat' dir='ltr'>praeteritum</span> <span class='ocrx_word' id='word_1_391' title='bbox 1517 3353 1629 3406; x_wconf 89' lang='grc'>441444-</span> <span class='ocrx_word' id='word_1_392' title='bbox 1668 3351 1882 3402; x_wconf 78' lang='lat' dir='ltr'>instantiarum</span> <span class='ocrx_word' id='word_1_393' title='bbox 1903 3351 1950 3400; x_wconf 88' lang='grc'>1.1</span> <span class='ocrx_word' id='word_1_394' title='bbox 1975 3377 2009 3388; x_wconf 90' lang='lat'><em>-</em></span> <span class='ocrx_word' id='word_1_395' title='bbox 2030 3351 2303 3404; x_wconf 88' lang='lat' dir='ltr'>lnterduoinstantia</span> 
     </span>
     <span class='ocr_line' id='line_1_27' title="bbox 316 3435 2305 3516; baseline 0.001 -26"><span class='ocrx_word' id='word_1_396' title='bbox 316 3439 520 3516; x_wconf 81' lang='lat' dir='ltr'>citurmensnra</span> <span class='ocrx_word' id='word_1_397' title='bbox 542 3435 953 3490; x_wconf 82' lang='grc'>440444444444444410444444-</span> <span class='ocrx_word' id='word_1_398' title='bbox 992 3453 1051 3492; x_wconf 92' lang='lat' dir='ltr'>rum</span> <span class='ocrx_word' id='word_1_399' title='bbox 1070 3441 1087 3492; x_wconf 99' lang='lat' dir='ltr'>ll</span> <span class='ocrx_word' id='word_1_400' title='bbox 1109 3440 1140 3492; x_wconf 88' lang='grc'>40</span> <span class='ocrx_word' id='word_1_401' title='bbox 1160 3453 1216 3504; x_wconf 76' lang='lat' dir='ltr'>arg.</span> <span class='ocrx_word' id='word_1_402' title='bbox 1238 3439 1252 3492; x_wconf 88' lang='grc'>4</span> <span class='ocrx_word' id='word_1_403' title='bbox 1271 3441 1393 3492; x_wconf 84' lang='lat' dir='ltr'>-idem</span> <span class='ocrx_word' id='word_1_404' title='bbox 1424 3445 1461 3492; x_wconf 91' lang='lat' dir='ltr'>est</span> <span class='ocrx_word' id='word_1_405' title='bbox 1487 3443 1572 3504; x_wconf 90' lang='lat' dir='ltr'>primo</span> <span class='ocrx_word' id='word_1_406' title='bbox 1591 3443 1629 3496; x_wconf 88' lang='lat' dir='ltr'>lu·</span> <span class='ocrx_word' id='word_1_407' title='bbox 1667 3439 2305 3504; x_wconf 71' lang='grc'>440446444444441444400604444444444-</span> 
     </span>
     <span class='ocr_line' id='line_1_28' title="bbox 315 3525 2091 3594; baseline 0 -16"><span class='ocrx_word' id='word_1_408' title='bbox 315 3527 474 3578; x_wconf 84' lang='grc'>0444444441</span> <span class='ocrx_word' id='word_1_409' title='bbox 493 3527 630 3576; x_wconf 90' lang='lat' dir='ltr'>continuae</span> <span class='ocrx_word' id='word_1_410' title='bbox 655 3531 681 3576; x_wconf 89' lang='grc'>44</span> <span class='ocrx_word' id='word_1_411' title='bbox 705 3525 839 3590; x_wconf 82' lang='lat' dir='ltr'>regulatae</span> <span class='ocrx_word' id='word_1_412' title='bbox 866 3539 955 3578; x_wconf 90' lang='lat' dir='ltr'>secun·</span> <span class='ocrx_word' id='word_1_413' title='bbox 992 3533 1089 3594; x_wconf 86' lang='grc'>144444,</span> <span class='ocrx_word' id='word_1_414' title='bbox 1109 3529 1202 3582; x_wconf 88' lang='grc'>644464</span> <span class='ocrx_word' id='word_1_415' title='bbox 1222 3543 1354 3594; x_wconf 86' lang='lat' dir='ltr'>praesens,</span> <span class='ocrx_word' id='word_1_416' title='bbox 1374 3531 1628 3594; x_wconf 84' lang='lat' dir='ltr'>terttopraeterttum</span> <span class='ocrx_word' id='word_1_417' title='bbox 1667 3527 1740 3580; x_wconf 88' lang='lat' dir='ltr'>dium</span> <span class='ocrx_word' id='word_1_418' title='bbox 1758 3527 1792 3580; x_wconf 96' lang='lat' dir='ltr'>lV</span> <span class='ocrx_word' id='word_1_419' title='bbox 1811 3527 1863 3580; x_wconf 88' lang='grc'>449</span> <span class='ocrx_word' id='word_1_420' title='bbox 1881 3541 1938 3592; x_wconf 79' lang='lat' dir='ltr'>arg.</span> <span class='ocrx_word' id='word_1_421' title='bbox 1960 3527 1983 3578; x_wconf 84' lang='lat' dir='ltr'>l.</span> <span class='ocrx_word' id='word_1_422' title='bbox 2003 3525 2091 3580; x_wconf 82' lang='grc'>45014</span> 
     </span>
     <span class='ocr_line' id='line_1_29' title="bbox 316 3613 2304 3684; baseline 0 -18"><span class='ocrx_word' id='word_1_423' title='bbox 316 3615 379 3666; x_wconf 89' lang='grc'>6444</span> <span class='ocrx_word' id='word_1_424' title='bbox 396 3613 513 3678; x_wconf 83' lang='lat' dir='ltr'>regulam</span> <span class='ocrx_word' id='word_1_425' title='bbox 529 3615 954 3678; x_wconf 76' lang='lat' dir='ltr'>motusoctoraespneeraeltna</span> <span class='ocrx_word' id='word_1_426' title='bbox 993 3617 1070 3670; x_wconf 91' lang='grc'>1740</span> <span class='ocrx_word' id='word_1_427' title='bbox 1089 3633 1114 3672; x_wconf 89' lang='lat' dir='ltr'>a.</span> <span class='ocrx_word' id='word_1_428' title='bbox 1133 3615 1155 3666; x_wconf 93' lang='lat' dir='ltr'>V</span> <span class='ocrx_word' id='word_1_429' title='bbox 1177 3617 1209 3668; x_wconf 94' lang='grc'>90</span> <span class='ocrx_word' id='word_1_430' title='bbox 1229 3631 1244 3668; x_wconf 88' lang='grc'>4</span> <span class='ocrx_word' id='word_1_431' title='bbox 1261 3621 1629 3684; x_wconf 81' lang='grc'>-44444444,444444444444</span> <span class='ocrx_word' id='word_1_432' title='bbox 1721 3617 1851 3670; x_wconf 85' lang='lat' dir='ltr'>Teanrnos</span> <span class='ocrx_word' id='word_1_433' title='bbox 1869 3643 1902 3654; x_wconf 81' lang='lat'>-</span> <span class='ocrx_word' id='word_1_434' title='bbox 1927 3615 1989 3670; x_wconf 83' lang='lat' dir='ltr'>Vide</span> <span class='ocrx_word' id='word_1_435' title='bbox 2009 3615 2040 3668; x_wconf 90' lang='lat' dir='ltr'>V.</span> <span class='ocrx_word' id='word_1_436' title='bbox 2057 3615 2174 3684; x_wconf 80' lang='lat' dir='ltr'>Siponm</span> <span class='ocrx_word' id='word_1_437' title='bbox 2191 3617 2304 3668; x_wconf 88' lang='grc'>444414-</span> 
     </span>
     <span class='ocr_line' id='line_1_30' title="bbox 316 3699 2303 3770; baseline -0.001 -14"><span class='ocrx_word' id='word_1_438' title='bbox 316 3717 338 3756; x_wconf 86' lang='grc'>4.</span> <span class='ocrx_word' id='word_1_439' title='bbox 359 3703 390 3756; x_wconf 89' lang='grc'>66</span> <span class='ocrx_word' id='word_1_440' title='bbox 411 3699 429 3754; x_wconf 90' lang='lat' dir='ltr'>b</span> <span class='ocrx_word' id='word_1_441' title='bbox 451 3729 488 3742; x_wconf 83' lang='lat'><em>-</em></span> <span class='ocrx_word' id='word_1_442' title='bbox 514 3705 619 3768; x_wconf 86' lang='lat' dir='ltr'>proprie</span> <span class='ocrx_word' id='word_1_443' title='bbox 647 3703 709 3756; x_wconf 89' lang='lat' dir='ltr'>dicit</span> <span class='ocrx_word' id='word_1_444' title='bbox 739 3717 888 3756; x_wconf 88' lang='lat' dir='ltr'>mensuram</span> <span class='ocrx_word' id='word_1_445' title='bbox 917 3705 953 3754; x_wconf 91' lang='lat' dir='ltr'>rei</span> <span class='ocrx_word' id='word_1_446' title='bbox 992 3713 1017 3760; x_wconf 90' lang='lat' dir='ltr'>et</span> <span class='ocrx_word' id='word_1_447' title='bbox 1036 3707 1150 3758; x_wconf 85' lang='lat' dir='ltr'>tutorum</span> <span class='ocrx_word' id='word_1_448' title='bbox 1171 3705 1330 3770; x_wconf 81' lang='lat' dir='ltr'>significant,</span> <span class='ocrx_word' id='word_1_449' title='bbox 1350 3719 1406 3758; x_wconf 91' lang='lat' dir='ltr'>rem</span> <span class='ocrx_word' id='word_1_450' title='bbox 1426 3707 1476 3758; x_wconf 89' lang='lat' dir='ltr'>alio</span> <span class='ocrx_word' id='word_1_451' title='bbox 1501 3707 1581 3760; x_wconf 91' lang='lat' dir='ltr'>modo</span> <span class='ocrx_word' id='word_1_452' title='bbox 1601 3723 1629 3760; x_wconf 89' lang='lat' dir='ltr'>se</span> <span class='ocrx_word' id='word_1_453' title='bbox 1667 3705 1725 3756; x_wconf 89' lang='lat' dir='ltr'>dice</span> <span class='ocrx_word' id='word_1_454' title='bbox 1744 3719 1833 3770; x_wconf 80' lang='lat' dir='ltr'>gener.</span> <span class='ocrx_word' id='word_1_455' title='bbox 1859 3705 1884 3758; x_wconf 89' lang='lat' dir='ltr'>V.</span> <span class='ocrx_word' id='word_1_456' title='bbox 1910 3705 1978 3756; x_wconf 83' lang='lat' dir='ltr'>Voce.</span> <span class='ocrx_word' id='word_1_457' title='bbox 1999 3731 2037 3744; x_wconf 94' lang='lat'><em>-</em></span> <span class='ocrx_word' id='word_1_458' title='bbox 2060 3705 2116 3756; x_wconf 87' lang='lat' dir='ltr'>Vox</span> <span class='ocrx_word' id='word_1_459' title='bbox 2140 3705 2303 3768; x_wconf 76' lang='lat' dir='ltr'>incomplexe</span> 
     </span>
     <span class='ocr_line' id='line_1_31' title="bbox 317 3791 1949 3858; baseline 0.001 -14"><span class='ocrx_word' id='word_1_460' title='bbox 317 3791 460 3854; x_wconf 90' lang='lat' dir='ltr'>mutabilis,</span> <span class='ocrx_word' id='word_1_461' title='bbox 481 3791 506 3842; x_wconf 88' lang='lat' dir='ltr'>in</span> <span class='ocrx_word' id='word_1_462' title='bbox 526 3797 653 3858; x_wconf 86' lang='lat' dir='ltr'>quantum</span> <span class='ocrx_word' id='word_1_463' title='bbox 674 3791 819 3856; x_wconf 84' lang='lat' dir='ltr'>mutabilis,</span> <span class='ocrx_word' id='word_1_464' title='bbox 845 3791 895 3844; x_wconf 92' lang='lat' dir='ltr'>snb</span> <span class='ocrx_word' id='word_1_465' title='bbox 915 3807 955 3844; x_wconf 87' lang='lat' dir='ltr'>ra·</span> <span class='ocrx_word' id='word_1_466' title='bbox 994 3795 1089 3848; x_wconf 88' lang='lat' dir='ltr'>babere</span> <span class='ocrx_word' id='word_1_467' title='bbox 1111 3797 1116 3846; x_wconf 98' lang='grc'>1</span> <span class='ocrx_word' id='word_1_468' title='bbox 1136 3793 1233 3846; x_wconf 85' lang='grc'>74014.</span> <span class='ocrx_word' id='word_1_469' title='bbox 1252 3793 1300 3846; x_wconf 90' lang='grc'>744</span> <span class='ocrx_word' id='word_1_470' title='bbox 1319 3791 1434 3846; x_wconf 86' lang='lat' dir='ltr'>l*.V9l</span> <span class='ocrx_word' id='word_1_471' title='bbox 1455 3793 1485 3846; x_wconf 87' lang='grc'>6*</span> <span class='ocrx_word' id='word_1_472' title='bbox 1502 3823 1539 3836; x_wconf 90' lang='grc'>-</span> <span class='ocrx_word' id='word_1_473' title='bbox 1557 3797 1629 3848; x_wconf 79' lang='lat' dir='ltr'>Prius</span> <span class='ocrx_word' id='word_1_474' title='bbox 1667 3793 1725 3848; x_wconf 84' lang='grc'>41444</span> <span class='ocrx_word' id='word_1_475' title='bbox 1745 3793 1776 3846; x_wconf 91' lang='lat' dir='ltr'>V.</span> <span class='ocrx_word' id='word_1_476' title='bbox 1798 3791 1949 3848; x_wconf 75' lang='lat' dir='ltr'>Essenlt&#39;n.</span> 
     </span>
     <span class='ocr_line' id='line_1_32' title="bbox 316 3879 2303 3952; baseline -0.001 -16"><span class='ocrx_word' id='word_1_477' title='bbox 316 3881 384 3932; x_wconf 81' lang='lat' dir='ltr'>lione</span> <span class='ocrx_word' id='word_1_478' title='bbox 402 3881 542 3930; x_wconf 84' lang='lat' dir='ltr'>cuulluuil</span> <span class='ocrx_word' id='word_1_479' title='bbox 564 3879 615 3930; x_wconf 84' lang='grc'>665</span> <span class='ocrx_word' id='word_1_480' title='bbox 635 3879 660 3930; x_wconf 81' lang='lat' dir='ltr'>d.</span> <span class='ocrx_word' id='word_1_481' title='bbox 681 3881 696 3930; x_wconf 91' lang='lat'><strong>3</strong></span> <span class='ocrx_word' id='word_1_482' title='bbox 993 3889 1017 3936; x_wconf 90' lang='lat' dir='ltr'>et</span> <span class='ocrx_word' id='word_1_483' title='bbox 1037 3885 1166 3948; x_wconf 86' lang='lat' dir='ltr'>posterius</span> <span class='ocrx_word' id='word_1_484' title='bbox 1185 3883 1209 3934; x_wconf 88' lang='lat' dir='ltr'>in</span> <span class='ocrx_word' id='word_1_485' title='bbox 1234 3891 1352 3948; x_wconf 89' lang='lat' dir='ltr'>tempore</span> <span class='ocrx_word' id='word_1_486' title='bbox 1375 3891 1529 3936; x_wconf 83' lang='lat' dir='ltr'>causatore</span> <span class='ocrx_word' id='word_1_487' title='bbox 1550 3885 1628 3948; x_wconf 88' lang='lat' dir='ltr'>priori</span> <span class='ocrx_word' id='word_1_488' title='bbox 1718 3909 1754 3920; x_wconf 94' lang='lat'><em>-</em></span> <span class='ocrx_word' id='word_1_489' title='bbox 1777 3881 1839 3936; x_wconf 87' lang='lat' dir='ltr'>Vide</span> <span class='ocrx_word' id='word_1_490' title='bbox 1866 3881 1890 3934; x_wconf 89' lang='lat' dir='ltr'>V.</span> <span class='ocrx_word' id='word_1_491' title='bbox 1904 3879 2079 3952; x_wconf 79' lang='grc'>5444444440,</span> <span class='ocrx_word' id='word_1_492' title='bbox 2099 3881 2127 3934; x_wconf 90' lang='lat' dir='ltr'>V.</span> <span class='ocrx_word' id='word_1_493' title='bbox 2141 3879 2303 3950; x_wconf 76' lang='grc'>8444044140,</span> 
     </span>
     <span class='ocr_line' id='line_1_33' title="bbox 368 3969 1896 4038; baseline 0 -18"><span class='ocrx_word' id='word_1_494' title='bbox 368 3995 403 4008; x_wconf 92' lang='lat'>··-</span> <span class='ocrx_word' id='word_1_495' title='bbox 422 3975 450 4020; x_wconf 90' lang='grc'>44</span> <span class='ocrx_word' id='word_1_496' title='bbox 461 3969 522 4020; x_wconf 90' lang='lat' dir='ltr'>dicit</span> <span class='ocrx_word' id='word_1_497' title='bbox 536 3981 685 4020; x_wconf 88' lang='lat' dir='ltr'>mensuram</span> <span class='ocrx_word' id='word_1_498' title='bbox 701 3971 860 4032; x_wconf 85' lang='lat' dir='ltr'>egressionis</span> <span class='ocrx_word' id='word_1_499' title='bbox 872 3975 897 4020; x_wconf 90' lang='lat' dir='ltr'>et</span> <span class='ocrx_word' id='word_1_500' title='bbox 909 3969 955 4020; x_wconf 90' lang='lat' dir='ltr'>dn·</span> <span class='ocrx_word' id='word_1_501' title='bbox 993 3979 1017 4024; x_wconf 88' lang='grc'>44</span> <span class='ocrx_word' id='word_1_502' title='bbox 1037 3973 1173 4036; x_wconf 77' lang='lat' dir='ltr'>posteriori</span> <span class='ocrx_word' id='word_1_503' title='bbox 1193 3973 1216 4020; x_wconf 91' lang='lat' dir='ltr'>in</span> <span class='ocrx_word' id='word_1_504' title='bbox 1239 3979 1309 4024; x_wconf 90' lang='lat' dir='ltr'>motu</span> <span class='ocrx_word' id='word_1_505' title='bbox 1334 3975 1361 4022; x_wconf 88' lang='lat' dir='ltr'>el</span> <span class='ocrx_word' id='word_1_506' title='bbox 1385 3975 1409 4022; x_wconf 91' lang='lat' dir='ltr'>in</span> <span class='ocrx_word' id='word_1_507' title='bbox 1437 3973 1627 4038; x_wconf 80' lang='lat' dir='ltr'>magnitudine,</span> <span class='ocrx_word' id='word_1_508' title='bbox 1673 3969 1698 4022; x_wconf 91' lang='lat' dir='ltr'>V.</span> <span class='ocrx_word' id='word_1_509' title='bbox 1720 3969 1896 4026; x_wconf 85' lang='lat' dir='ltr'>Praediooit&#39;o.</span> 
     </span>
     <span class='ocr_line' id='line_1_34' title="bbox 316 4055 2304 4126; baseline 0 -16"><span class='ocrx_word' id='word_1_510' title='bbox 316 4057 434 4122; x_wconf 86' lang='lat' dir='ltr'>rationis,</span> <span class='ocrx_word' id='word_1_511' title='bbox 452 4065 492 4106; x_wconf 85' lang='lat' dir='ltr'>est</span> <span class='ocrx_word' id='word_1_512' title='bbox 505 4055 587 4120; x_wconf 89' lang='lat' dir='ltr'>prima</span> <span class='ocrx_word' id='word_1_513' title='bbox 608 4059 675 4110; x_wconf 89' lang='lat' dir='ltr'>inter</span> <span class='ocrx_word' id='word_1_514' title='bbox 695 4070 830 4110; x_wconf 87' lang='lat' dir='ltr'>mensuras</span> <span class='ocrx_word' id='word_1_515' title='bbox 850 4059 867 4108; x_wconf 98' lang='lat' dir='ltr'>ll</span> <span class='ocrx_word' id='word_1_516' title='bbox 887 4059 920 4108; x_wconf 90' lang='grc'>68</span> <span class='ocrx_word' id='word_1_517' title='bbox 941 4071 953 4106; x_wconf 89' lang='grc'>4</span> <span class='ocrx_word' id='word_1_518' title='bbox 993 4059 1137 4112; x_wconf 86' lang='lat' dir='ltr'>secundum</span> <span class='ocrx_word' id='word_1_519' title='bbox 1157 4059 1229 4126; x_wconf 87' lang='lat' dir='ltr'>qrrod</span> <span class='ocrx_word' id='word_1_520' title='bbox 1250 4067 1287 4112; x_wconf 90' lang='lat' dir='ltr'>est</span> <span class='ocrx_word' id='word_1_521' title='bbox 1308 4059 1410 4110; x_wconf 87' lang='lat' dir='ltr'>mobilis</span> <span class='ocrx_word' id='word_1_522' title='bbox 1430 4061 1446 4110; x_wconf 95' lang='lat' dir='ltr'>ll</span> <span class='ocrx_word' id='word_1_523' title='bbox 1466 4061 1500 4110; x_wconf 89' lang='grc'>65</span> <span class='ocrx_word' id='word_1_524' title='bbox 1520 4059 1550 4112; x_wconf 84' lang='grc'>3*</span> <span class='ocrx_word' id='word_1_525' title='bbox 1720 4087 1755 4098; x_wconf 90' lang='lat'>-</span> <span class='ocrx_word' id='word_1_526' title='bbox 1773 4071 1909 4124; x_wconf 88' lang='lat' dir='ltr'>apponens</span> <span class='ocrx_word' id='word_1_527' title='bbox 1928 4059 2010 4110; x_wconf 90' lang='lat' dir='ltr'>verbo</span> <span class='ocrx_word' id='word_1_528' title='bbox 2030 4059 2193 4122; x_wconf 79' lang='lat' dir='ltr'>restringitur</span> <span class='ocrx_word' id='word_1_529' title='bbox 2213 4071 2304 4110; x_wconf 89' lang='lat' dir='ltr'>secun·</span> 
     </span>
     <span class='ocr_line' id='line_1_35' title="bbox 315 4143 2303 4212; baseline -0.001 -14"><span class='ocrx_word' id='word_1_530' title='bbox 315 4173 349 4184; x_wconf 89' lang='lat'><em>-</em></span> <span class='ocrx_word' id='word_1_531' title='bbox 369 4147 582 4198; x_wconf 88' lang='lat' dir='ltr'>communissima</span> <span class='ocrx_word' id='word_1_532' title='bbox 600 4145 642 4196; x_wconf 91' lang='lat' dir='ltr'>vel</span> <span class='ocrx_word' id='word_1_533' title='bbox 662 4147 836 4198; x_wconf 89' lang='lat' dir='ltr'>communiter</span> <span class='ocrx_word' id='word_1_534' title='bbox 856 4145 954 4196; x_wconf 90' lang='lat' dir='ltr'>dictum</span> <span class='ocrx_word' id='word_1_535' title='bbox 1046 4153 1219 4200; x_wconf 53' lang='lat' dir='ltr'>*causatur</span> <span class='ocrx_word' id='word_1_536' title='bbox 1238 4161 1251 4198; x_wconf 89' lang='lat' dir='ltr'>a</span> <span class='ocrx_word' id='word_1_537' title='bbox 1271 4149 1379 4200; x_wconf 86' lang='lat' dir='ltr'>materia</span> <span class='ocrx_word' id='word_1_538' title='bbox 1403 4155 1432 4200; x_wconf 92' lang='lat' dir='ltr'>nt</span> <span class='ocrx_word' id='word_1_539' title='bbox 1459 4149 1575 4202; x_wconf 90' lang='lat' dir='ltr'>mutabili</span> <span class='ocrx_word' id='word_1_540' title='bbox 1604 4155 1629 4202; x_wconf 94' lang='lat' dir='ltr'>el</span> <span class='ocrx_word' id='word_1_541' title='bbox 1667 4145 1731 4198; x_wconf 87' lang='lat' dir='ltr'>dttm</span> <span class='ocrx_word' id='word_1_542' title='bbox 1751 4145 1974 4212; x_wconf 81' lang='lat' dir='ltr'>consignttteetorn</span> <span class='ocrx_word' id='word_1_543' title='bbox 1994 4147 2076 4210; x_wconf 86' lang='lat' dir='ltr'>verbi,</span> <span class='ocrx_word' id='word_1_544' title='bbox 2091 4143 2229 4200; x_wconf 89' lang='lat' dir='ltr'>cuiuslibet</span> <span class='ocrx_word' id='word_1_545' title='bbox 2241 4151 2303 4196; x_wconf 88' lang='lat' dir='ltr'>lem·</span> 
     </span>
     <span class='ocr_line' id='line_1_36' title="bbox 314 4231 2139 4302; baseline -0.001 -18"><span class='ocrx_word' id='word_1_546' title='bbox 314 4233 421 4286; x_wconf 89' lang='lat' dir='ltr'>includit</span> <span class='ocrx_word' id='word_1_547' title='bbox 434 4245 537 4294; x_wconf 81' lang='grc'>444444,</span> <span class='ocrx_word' id='word_1_548' title='bbox 553 4233 594 4284; x_wconf 83' lang='grc'>441</span> <span class='ocrx_word' id='word_1_549' title='bbox 610 4233 742 4298; x_wconf 89' lang='lat' dir='ltr'>praecedit</span> <span class='ocrx_word' id='word_1_550' title='bbox 756 4247 851 4286; x_wconf 87' lang='lat' dir='ltr'>aevum</span> <span class='ocrx_word' id='word_1_551' title='bbox 866 4247 954 4284; x_wconf 90' lang='lat' dir='ltr'>secun·</span> <span class='ocrx_word' id='word_1_552' title='bbox 992 4243 1050 4290; x_wconf 89' lang='lat' dir='ltr'>ente</span> <span class='ocrx_word' id='word_1_553' title='bbox 1075 4239 1100 4288; x_wconf 95' lang='lat' dir='ltr'>in</span> <span class='ocrx_word' id='word_1_554' title='bbox 1121 4237 1233 4302; x_wconf 89' lang='lat' dir='ltr'>potentia</span> <span class='ocrx_word' id='word_1_555' title='bbox 1255 4237 1270 4288; x_wconf 95' lang='lat' dir='ltr'>ll</span> <span class='ocrx_word' id='word_1_556' title='bbox 1290 4235 1323 4288; x_wconf 87' lang='grc'>59</span> <span class='ocrx_word' id='word_1_557' title='bbox 1343 4235 1370 4290; x_wconf 90' lang='lat' dir='ltr'>b.</span> <span class='ocrx_word' id='word_1_558' title='bbox 1389 4237 1422 4288; x_wconf 90' lang='grc'>60</span> <span class='ocrx_word' id='word_1_559' title='bbox 1441 4251 1472 4298; x_wconf 87' lang='lat' dir='ltr'>a,</span> <span class='ocrx_word' id='word_1_560' title='bbox 1491 4237 1521 4302; x_wconf 89' lang='lat' dir='ltr'>b,</span> <span class='ocrx_word' id='word_1_561' title='bbox 1544 4235 1579 4302; x_wconf 84' lang='grc'>1*,</span> <span class='ocrx_word' id='word_1_562' title='bbox 1601 4235 1628 4288; x_wconf 77' lang='grc'>4*</span> <span class='ocrx_word' id='word_1_563' title='bbox 1667 4237 1738 4298; x_wconf 89' lang='lat' dir='ltr'>poris</span> <span class='ocrx_word' id='word_1_564' title='bbox 1757 4235 1839 4288; x_wconf 85' lang='lat' dir='ltr'>verbo</span> <span class='ocrx_word' id='word_1_565' title='bbox 1859 4241 1973 4300; x_wconf 91' lang='lat' dir='ltr'>apponat</span> <span class='ocrx_word' id='word_1_566' title='bbox 1993 4235 2017 4284; x_wconf 96' lang='grc'>111</span> <span class='ocrx_word' id='word_1_567' title='bbox 2041 4233 2091 4284; x_wconf 89' lang='grc'>454</span> <span class='ocrx_word' id='word_1_568' title='bbox 2112 4231 2139 4284; x_wconf 88' lang='grc'>4*</span> 
     </span>
     <span class='ocr_line' id='line_1_37' title="bbox 316 4321 2303 4392; baseline -0.001 -18"><span class='ocrx_word' id='word_1_569' title='bbox 316 4323 378 4374; x_wconf 89' lang='grc'>6440</span> <span class='ocrx_word' id='word_1_570' title='bbox 397 4323 524 4374; x_wconf 86' lang='lat' dir='ltr'>rationem</span> <span class='ocrx_word' id='word_1_571' title='bbox 544 4323 703 4386; x_wconf 82' lang='lat' dir='ltr'>intelligendi</span> <span class='ocrx_word' id='word_1_572' title='bbox 723 4323 742 4374; x_wconf 98' lang='lat' dir='ltr'>ll</span> <span class='ocrx_word' id='word_1_573' title='bbox 762 4321 796 4372; x_wconf 91' lang='grc'>65</span> <span class='ocrx_word' id='word_1_574' title='bbox 815 4337 830 4374; x_wconf 88' lang='grc'>4</span> <span class='ocrx_word' id='word_1_575' title='bbox 992 4353 1026 4362; x_wconf 90' lang='grc'>-</span> <span class='ocrx_word' id='word_1_576' title='bbox 1046 4323 1122 4378; x_wconf 90' lang='lat' dir='ltr'>babet</span> <span class='ocrx_word' id='word_1_577' title='bbox 1141 4337 1198 4374; x_wconf 92' lang='lat' dir='ltr'>esse</span> <span class='ocrx_word' id='word_1_578' title='bbox 1217 4337 1248 4374; x_wconf 92' lang='lat' dir='ltr'>ex</span> <span class='ocrx_word' id='word_1_579' title='bbox 1267 4325 1325 4390; x_wconf 87' lang='lat' dir='ltr'>boc,</span> <span class='ocrx_word' id='word_1_580' title='bbox 1341 4325 1413 4392; x_wconf 89' lang='lat' dir='ltr'>qnod</span> <span class='ocrx_word' id='word_1_581' title='bbox 1428 4327 1533 4376; x_wconf 89' lang='lat' dir='ltr'>materie</span> <span class='ocrx_word' id='word_1_582' title='bbox 1549 4325 1628 4378; x_wconf 86' lang='lat' dir='ltr'>tendit</span> <span class='ocrx_word' id='word_1_583' title='bbox 1722 4353 1752 4360; x_wconf 97' lang='lat'><em>-</em></span> <span class='ocrx_word' id='word_1_584' title='bbox 1773 4325 1817 4390; x_wconf 85' lang='lat' dir='ltr'>qai</span> <span class='ocrx_word' id='word_1_585' title='bbox 1838 4323 1944 4388; x_wconf 87' lang='lat' dir='ltr'>proprie</span> <span class='ocrx_word' id='word_1_586' title='bbox 1957 4323 2080 4386; x_wconf 89' lang='lat' dir='ltr'>supponit</span> <span class='ocrx_word' id='word_1_587' title='bbox 2095 4335 2242 4386; x_wconf 87' lang='lat' dir='ltr'>personam,</span> <span class='ocrx_word' id='word_1_588' title='bbox 2255 4323 2303 4374; x_wconf 87' lang='lat' dir='ltr'>ad·</span> 
     </span>
     <span class='ocr_line' id='line_1_38' title="bbox 368 4409 2303 4476; baseline 0 -14"><span class='ocrx_word' id='word_1_589' title='bbox 368 4437 402 4450; x_wconf 90' lang='lat'>-</span> <span class='ocrx_word' id='word_1_590' title='bbox 428 4409 573 4462; x_wconf 88' lang='lat' dir='ltr'>secundnm</span> <span class='ocrx_word' id='word_1_591' title='bbox 601 4413 702 4476; x_wconf 82' lang='grc'>4144404</span> <span class='ocrx_word' id='word_1_592' title='bbox 729 4417 768 4462; x_wconf 88' lang='grc'>444</span> <span class='ocrx_word' id='word_1_593' title='bbox 797 4423 843 4474; x_wconf 87' lang='lat' dir='ltr'>per</span> <span class='ocrx_word' id='word_1_594' title='bbox 872 4425 900 4462; x_wconf 94' lang='lat' dir='ltr'>se</span> <span class='ocrx_word' id='word_1_595' title='bbox 929 4413 953 4460; x_wconf 94' lang='lat' dir='ltr'>in</span> <span class='ocrx_word' id='word_1_596' title='bbox 992 4413 1023 4464; x_wconf 90' lang='lat' dir='ltr'>ad</span> <span class='ocrx_word' id='word_1_597' title='bbox 1043 4413 1154 4464; x_wconf 90' lang='lat' dir='ltr'>iormam</span> <span class='ocrx_word' id='word_1_598' title='bbox 1176 4411 1246 4462; x_wconf 88' lang='grc'>1159</span> <span class='ocrx_word' id='word_1_599' title='bbox 1265 4413 1282 4464; x_wconf 94' lang='lat' dir='ltr'>b</span> <span class='ocrx_word' id='word_1_600' title='bbox 1302 4439 1336 4452; x_wconf 90' lang='lat'><em>-</em></span> <span class='ocrx_word' id='word_1_601' title='bbox 1356 4427 1383 4464; x_wconf 92' lang='lat' dir='ltr'>se</span> <span class='ocrx_word' id='word_1_602' title='bbox 1403 4421 1471 4464; x_wconf 90' lang='lat' dir='ltr'>tenet</span> <span class='ocrx_word' id='word_1_603' title='bbox 1490 4413 1627 4476; x_wconf 84' lang='lat' dir='ltr'>plescum</span> <span class='ocrx_word' id='word_1_604' title='bbox 1667 4413 1719 4464; x_wconf 86' lang='lat' dir='ltr'>dito</span> <span class='ocrx_word' id='word_1_605' title='bbox 1739 4411 1788 4464; x_wconf 91' lang='lat' dir='ltr'>sibi</span> <span class='ocrx_word' id='word_1_606' title='bbox 1808 4413 1918 4464; x_wconf 87' lang='lat' dir='ltr'>termino</span> <span class='ocrx_word' id='word_1_607' title='bbox 1937 4413 2065 4476; x_wconf 86' lang='lat' dir='ltr'>partitive,</span> <span class='ocrx_word' id='word_1_608' title='bbox 2086 4419 2134 4464; x_wconf 86' lang='grc'>4444</span> <span class='ocrx_word' id='word_1_609' title='bbox 2155 4411 2303 4474; x_wconf 89' lang='lat' dir='ltr'>solumpro</span> 
     </span>
     <span class='ocr_line' id='line_1_39' title="bbox 316 4497 1982 4566; baseline 0.001 -16"><span class='ocrx_word' id='word_1_610' title='bbox 316 4499 400 4564; x_wconf 88' lang='lat' dir='ltr'>primo</span> <span class='ocrx_word' id='word_1_611' title='bbox 420 4497 524 4564; x_wconf 90' lang='lat' dir='ltr'>mobili,</span> <span class='ocrx_word' id='word_1_612' title='bbox 546 4497 586 4548; x_wconf 90' lang='lat' dir='ltr'>vel</span> <span class='ocrx_word' id='word_1_613' title='bbox 606 4499 631 4548; x_wconf 94' lang='lat' dir='ltr'>ln</span> <span class='ocrx_word' id='word_1_614' title='bbox 651 4513 684 4550; x_wconf 89' lang='lat' dir='ltr'>eo</span> <span class='ocrx_word' id='word_1_615' title='bbox 703 4501 789 4562; x_wconf 93' lang='lat' dir='ltr'>prlmo</span> <span class='ocrx_word' id='word_1_616' title='bbox 809 4499 953 4562; x_wconf 85' lang='lat' dir='ltr'>appareill</span> <span class='ocrx_word' id='word_1_617' title='bbox 991 4497 1241 4552; x_wconf 82' lang='grc'>(4444441616.-</span> <span class='ocrx_word' id='word_1_618' title='bbox 1264 4513 1421 4554; x_wconf 87' lang='lat' dir='ltr'>mensurans</span> <span class='ocrx_word' id='word_1_619' title='bbox 1444 4503 1529 4554; x_wconf 87' lang='lat' dir='ltr'>omnia</span> <span class='ocrx_word' id='word_1_620' title='bbox 1556 4515 1627 4566; x_wconf 81' lang='lat' dir='ltr'>prae</span> <span class='ocrx_word' id='word_1_621' title='bbox 1667 4501 1928 4566; x_wconf 63' lang='grc'>4401103443</span> <span class='ocrx_word' id='word_1_622' title='bbox 1981 4533 1982 4536; x_wconf 17' lang='grc' dir='ltr'>η</span> 
     </span>
     <span class='ocr_line' id='line_1_40' title="bbox 316 4585 2302 4654; baseline 0.001 -16"><span class='ocrx_word' id='word_1_623' title='bbox 316 4587 347 4638; x_wconf 89' lang='grc'>59</span> <span class='ocrx_word' id='word_1_624' title='bbox 368 4601 381 4638; x_wconf 87' lang='lat' dir='ltr'>a</span> <span class='ocrx_word' id='word_1_625' title='bbox 401 4611 437 4624; x_wconf 89' lang='lat'>--</span> <span class='ocrx_word' id='word_1_626' title='bbox 455 4599 507 4638; x_wconf 92' lang='lat' dir='ltr'>non</span> <span class='ocrx_word' id='word_1_627' title='bbox 527 4586 612 4638; x_wconf 89' lang='lat' dir='ltr'>solum</span> <span class='ocrx_word' id='word_1_628' title='bbox 632 4593 671 4638; x_wconf 91' lang='lat' dir='ltr'>est</span> <span class='ocrx_word' id='word_1_629' title='bbox 690 4587 714 4638; x_wconf 90' lang='grc'>40</span> <span class='ocrx_word' id='word_1_630' title='bbox 736 4587 822 4650; x_wconf 88' lang='lat' dir='ltr'>primo</span> <span class='ocrx_word' id='word_1_631' title='bbox 847 4587 952 4650; x_wconf 90' lang='lat' dir='ltr'>mobili,</span> <span class='ocrx_word' id='word_1_632' title='bbox 992 4591 1116 4654; x_wconf 87' lang='lat' dir='ltr'>supponit</span> <span class='ocrx_word' id='word_1_633' title='bbox 1134 4589 1268 4642; x_wconf 86' lang='lat' dir='ltr'>materiam</span> <span class='ocrx_word' id='word_1_634' title='bbox 1290 4591 1306 4642; x_wconf 97' lang='lat' dir='ltr'>ll</span> <span class='ocrx_word' id='word_1_635' title='bbox 1325 4589 1359 4642; x_wconf 87' lang='lat'>38</span> <span class='ocrx_word' id='word_1_636' title='bbox 1376 4587 1405 4640; x_wconf 89' lang='grc'>6*</span> <span class='ocrx_word' id='word_1_637' title='bbox 1424 4617 1458 4628; x_wconf 88' lang='grc'>-</span> <span class='ocrx_word' id='word_1_638' title='bbox 1478 4597 1583 4644; x_wconf 90' lang='lat' dir='ltr'>nonest</span> <span class='ocrx_word' id='word_1_639' title='bbox 1602 4593 1626 4644; x_wconf 92' lang='lat' dir='ltr'>in</span> <span class='ocrx_word' id='word_1_640' title='bbox 1718 4615 1753 4630; x_wconf 91' lang='lat'><em>-</em></span> <span class='ocrx_word' id='word_1_641' title='bbox 1772 4589 1898 4642; x_wconf 88' lang='lat' dir='ltr'>discretos</span> <span class='ocrx_word' id='word_1_642' title='bbox 1918 4601 1969 4640; x_wconf 88' lang='lat' dir='ltr'>non</span> <span class='ocrx_word' id='word_1_643' title='bbox 1988 4587 2065 4640; x_wconf 87' lang='lat' dir='ltr'>babet</span> <span class='ocrx_word' id='word_1_644' title='bbox 2084 4587 2203 4654; x_wconf 88' lang='lat' dir='ltr'>pluralel</span> <span class='ocrx_word' id='word_1_645' title='bbox 2222 4587 2269 4640; x_wconf 89' lang='grc'>103</span> <span class='ocrx_word' id='word_1_646' title='bbox 2285 4585 2302 4638; x_wconf 95' lang='lat' dir='ltr'>b</span> 
     </span>
     <span class='ocr_line' id='line_1_41' title="bbox 315 4673 2302 4748; baseline 0 -20"><span class='ocrx_word' id='word_1_647' title='bbox 315 4677 396 4728; x_wconf 89' lang='lat' dir='ltr'>imtno</span> <span class='ocrx_word' id='word_1_648' title='bbox 414 4677 483 4728; x_wconf 89' lang='grc'>4144</span> <span class='ocrx_word' id='word_1_649' title='bbox 503 4675 560 4728; x_wconf 90' lang='lat' dir='ltr'>aliis</span> <span class='ocrx_word' id='word_1_650' title='bbox 578 4675 659 4728; x_wconf 89' lang='lat' dir='ltr'>rebus</span> <span class='ocrx_word' id='word_1_651' title='bbox 678 4675 820 4728; x_wconf 86' lang='lat' dir='ltr'>mobilibus</span> <span class='ocrx_word' id='word_1_652' title='bbox 838 4673 900 4728; x_wconf 86' lang='lat' dir='ltr'>ibid.</span> <span class='ocrx_word' id='word_1_653' title='bbox 918 4703 953 4716; x_wconf 87' lang='lat'><em>-</em></span> <span class='ocrx_word' id='word_1_654' title='bbox 992 4681 1047 4742; x_wconf 90' lang='lat' dir='ltr'>ipsa</span> <span class='ocrx_word' id='word_1_655' title='bbox 1076 4677 1198 4742; x_wconf 89' lang='lat' dir='ltr'>materia,</span> <span class='ocrx_word' id='word_1_656' title='bbox 1216 4679 1287 4728; x_wconf 92' lang='lat' dir='ltr'>omni</span> <span class='ocrx_word' id='word_1_657' title='bbox 1319 4676 1401 4730; x_wconf 83' lang='lat' dir='ltr'>torma</span> <span class='ocrx_word' id='word_1_658' title='bbox 1431 4681 1626 4744; x_wconf 86' lang='lat' dir='ltr'>circumscripte</span> <span class='ocrx_word' id='word_1_659' title='bbox 1667 4707 1700 4716; x_wconf 91' lang='lat'>-</span> <span class='ocrx_word' id='word_1_660' title='bbox 1720 4677 1847 4732; x_wconf 89' lang='lat' dir='ltr'>discretus</span> <span class='ocrx_word' id='word_1_661' title='bbox 1871 4677 1940 4748; x_wconf 90' lang='lat' dir='ltr'>idem</span> <span class='ocrx_word' id='word_1_662' title='bbox 1970 4677 2098 4744; x_wconf 81' lang='lat' dir='ltr'>signifieat</span> <span class='ocrx_word' id='word_1_663' title='bbox 2124 4683 2151 4728; x_wconf 89' lang='grc'>44</span> <span class='ocrx_word' id='word_1_664' title='bbox 2177 4679 2302 4744; x_wconf 88' lang='lat' dir='ltr'>supponit</span> 
     </span>
     <span class='ocr_line' id='line_1_42' title="bbox 315 4761 2301 4832; baseline 0.001 -16"><span class='ocrx_word' id='word_1_665' title='bbox 315 4777 366 4816; x_wconf 92' lang='lat' dir='ltr'>non</span> <span class='ocrx_word' id='word_1_666' title='bbox 386 4769 510 4828; x_wconf 84' lang='lat' dir='ltr'>cessaret,</span> <span class='ocrx_word' id='word_1_667' title='bbox 530 4771 646 4816; x_wconf 85' lang='lat' dir='ltr'>cessante</span> <span class='ocrx_word' id='word_1_668' title='bbox 667 4767 738 4814; x_wconf 92' lang='lat' dir='ltr'>motu</span> <span class='ocrx_word' id='word_1_669' title='bbox 759 4765 836 4828; x_wconf 90' lang='lat' dir='ltr'>primi</span> <span class='ocrx_word' id='word_1_670' title='bbox 850 4763 954 4816; x_wconf 91' lang='lat' dir='ltr'>mobilis</span> <span class='ocrx_word' id='word_1_671' title='bbox 991 4769 1008 4820; x_wconf 96' lang='lat' dir='ltr'>ll</span> <span class='ocrx_word' id='word_1_672' title='bbox 1028 4767 1063 4818; x_wconf 91' lang='grc'>66</span> <span class='ocrx_word' id='word_1_673' title='bbox 1080 4779 1095 4818; x_wconf 88' lang='grc'>0</span> <span class='ocrx_word' id='word_1_674' title='bbox 1667 4769 1771 4832; x_wconf 90' lang='lat' dir='ltr'>proprie</span> <span class='ocrx_word' id='word_1_675' title='bbox 1790 4765 1853 4822; x_wconf 81' lang='lat' dir='ltr'>iaie.</span> <span class='ocrx_word' id='word_1_676' title='bbox 1876 4765 1938 4818; x_wconf 84' lang='lat' dir='ltr'>Vide</span> <span class='ocrx_word' id='word_1_677' title='bbox 1961 4767 1990 4820; x_wconf 90' lang='lat' dir='ltr'>V.</span> <span class='ocrx_word' id='word_1_678' title='bbox 2007 4763 2148 4822; x_wconf 80' lang='lat' dir='ltr'>Dislt&#39;ttclt&#39;u</span> <span class='ocrx_word' id='word_1_679' title='bbox 2168 4761 2243 4830; x_wconf 76' lang='grc'>(441)</span> <span class='ocrx_word' id='word_1_680' title='bbox 2260 4767 2301 4830; x_wconf 86' lang='grc'>0).</span> 
     </span>
     <span class='ocr_line' id='line_1_43' title="bbox 315 4849 2301 4916; baseline 0.001 -12"><span class='ocrx_word' id='word_1_681' title='bbox 315 4849 375 4906; x_wconf 87' lang='lat' dir='ltr'>ibid.</span> <span class='ocrx_word' id='word_1_682' title='bbox 393 4877 430 4890; x_wconf 91' lang='lat'><em>-</em></span> <span class='ocrx_word' id='word_1_683' title='bbox 448 4857 487 4904; x_wconf 91' lang='lat' dir='ltr'>est</span> <span class='ocrx_word' id='word_1_684' title='bbox 505 4851 529 4904; x_wconf 91' lang='lat' dir='ltr'>in</span> <span class='ocrx_word' id='word_1_685' title='bbox 550 4853 622 4904; x_wconf 92' lang='lat' dir='ltr'>omni</span> <span class='ocrx_word' id='word_1_686' title='bbox 640 4857 712 4904; x_wconf 89' lang='lat' dir='ltr'>mota</span> <span class='ocrx_word' id='word_1_687' title='bbox 733 4853 839 4916; x_wconf 90' lang='lat' dir='ltr'>proprie</span> <span class='ocrx_word' id='word_1_688' title='bbox 858 4851 927 4904; x_wconf 90' lang='lat' dir='ltr'>dicto</span> <span class='ocrx_word' id='word_1_689' title='bbox 945 4853 953 4902; x_wconf 98' lang='lat' dir='ltr'>l</span> <span class='ocrx_word' id='word_1_690' title='bbox 1043 4885 1077 4894; x_wconf 92' lang='lat'>-</span> <span class='ocrx_word' id='word_1_691' title='bbox 1096 4857 1177 4908; x_wconf 89' lang='lat' dir='ltr'>dese</span> <span class='ocrx_word' id='word_1_692' title='bbox 1197 4855 1627 4910; x_wconf 79' lang='grc'>644444444444444444041444(</span> <span class='ocrx_word' id='word_1_693' title='bbox 1718 4883 1752 4894; x_wconf 80' lang='grc'>-</span> <span class='ocrx_word' id='word_1_694' title='bbox 1772 4857 1797 4908; x_wconf 89' lang='grc'>44</span> <span class='ocrx_word' id='word_1_695' title='bbox 1816 4855 1981 4908; x_wconf 78' lang='lat' dir='ltr'>conditionali</span> <span class='ocrx_word' id='word_1_696' title='bbox 2000 4857 2025 4906; x_wconf 92' lang='lat' dir='ltr'>in</span> <span class='ocrx_word' id='word_1_697' title='bbox 2045 4853 2212 4908; x_wconf 82' lang='lat' dir='ltr'>antecedente</span> <span class='ocrx_word' id='word_1_698' title='bbox 2232 4859 2301 4906; x_wconf 88' lang='lat' dir='ltr'>tene·</span> 
     </span>
     <span class='ocr_line' id='line_1_44' title="bbox 317 4939 2301 5006; baseline 0 -14"><span class='ocrx_word' id='word_1_699' title='bbox 317 4941 367 4992; x_wconf 89' lang='grc'>664</span> <span class='ocrx_word' id='word_1_700' title='bbox 388 4941 404 4992; x_wconf 94' lang='grc'>1.</span> <span class='ocrx_word' id='word_1_701' title='bbox 425 4939 449 4992; x_wconf 86' lang='grc'>4.</span> <span class='ocrx_word' id='word_1_702' title='bbox 467 4941 519 4992; x_wconf 90' lang='grc'>663</span> <span class='ocrx_word' id='word_1_703' title='bbox 543 4939 568 4992; x_wconf 88' lang='grc'>4*</span> <span class='ocrx_word' id='word_1_704' title='bbox 587 4969 621 4978; x_wconf 94' lang='grc'>-</span> <span class='ocrx_word' id='word_1_705' title='bbox 646 4939 741 4992; x_wconf 86' lang='lat' dir='ltr'>dicitur</span> <span class='ocrx_word' id='word_1_706' title='bbox 765 4941 873 5006; x_wconf 84' lang='lat' dir='ltr'>proprie</span> <span class='ocrx_word' id='word_1_707' title='bbox 896 4955 954 4992; x_wconf 85' lang='lat' dir='ltr'>csse</span> <span class='ocrx_word' id='word_1_708' title='bbox 992 4947 1027 4996; x_wconf 92' lang='lat' dir='ltr'>rel</span> <span class='ocrx_word' id='word_1_709' title='bbox 1055 4943 1188 4998; x_wconf 85' lang='lat' dir='ltr'>variabilis</span> <span class='ocrx_word' id='word_1_710' title='bbox 1215 4943 1223 4994; x_wconf 98' lang='lat' dir='ltr'>l</span> <span class='ocrx_word' id='word_1_711' title='bbox 1252 4943 1303 4994; x_wconf 88' lang='grc'>664</span> <span class='ocrx_word' id='word_1_712' title='bbox 1331 4943 1358 4996; x_wconf 90' lang='lat' dir='ltr'>d.</span> <span class='ocrx_word' id='word_1_713' title='bbox 1385 4945 1536 4998; x_wconf 80' lang='grc'>411554.</span> <span class='ocrx_word' id='word_1_714' title='bbox 1558 4945 1627 4998; x_wconf 90' lang='grc'>4-</span> <span class='ocrx_word' id='word_1_715' title='bbox 1666 4949 1706 4996; x_wconf 88' lang='grc'>144·</span> <span class='ocrx_word' id='word_1_716' title='bbox 1727 4945 1906 4996; x_wconf 86' lang='lat' dir='ltr'>universaliter</span> <span class='ocrx_word' id='word_1_717' title='bbox 1925 4943 1957 4996; x_wconf 91' lang='lat' dir='ltr'>lV</span> <span class='ocrx_word' id='word_1_718' title='bbox 1978 4943 2028 4996; x_wconf 88' lang='lat'>333</span> <span class='ocrx_word' id='word_1_719' title='bbox 2050 4943 2064 4994; x_wconf 92' lang='grc'>4.</span> <span class='ocrx_word' id='word_1_720' title='bbox 2085 4947 2101 4996; x_wconf 90' lang='grc'>4</span> <span class='ocrx_word' id='word_1_721' title='bbox 2120 4971 2155 4980; x_wconf 94' lang='grc'>-</span> <span class='ocrx_word' id='word_1_722' title='bbox 2174 4943 2198 4992; x_wconf 89' lang='grc'>44</span> <span class='ocrx_word' id='word_1_723' title='bbox 2214 4943 2301 4994; x_wconf 91' lang='lat' dir='ltr'>condi·</span> 
     </span>
     <span class='ocr_line' id='line_1_45' title="bbox 315 5027 2295 5098; baseline 0.001 -18"><span class='ocrx_word' id='word_1_724' title='bbox 315 5031 339 5080; x_wconf 92' lang='lat' dir='ltr'>in</span> <span class='ocrx_word' id='word_1_725' title='bbox 360 5029 446 5094; x_wconf 85' lang='lat' dir='ltr'>primo</span> <span class='ocrx_word' id='word_1_726' title='bbox 464 5029 555 5082; x_wconf 88' lang='lat' dir='ltr'>mobili</span> <span class='ocrx_word' id='word_1_727' title='bbox 575 5031 641 5082; x_wconf 90' lang='lat' dir='ltr'>sient</span> <span class='ocrx_word' id='word_1_728' title='bbox 659 5031 685 5080; x_wconf 92' lang='lat' dir='ltr'>in</span> <span class='ocrx_word' id='word_1_729' title='bbox 704 5027 835 5094; x_wconf 89' lang='lat' dir='ltr'>subiecto,</span> <span class='ocrx_word' id='word_1_730' title='bbox 855 5031 881 5082; x_wconf 91' lang='lat' dir='ltr'>in</span> <span class='ocrx_word' id='word_1_731' title='bbox 900 5043 953 5096; x_wconf 86' lang='lat' dir='ltr'>quo</span> <span class='ocrx_word' id='word_1_732' title='bbox 990 5031 1073 5084; x_wconf 88' lang='lat' dir='ltr'>Omne</span> <span class='ocrx_word' id='word_1_733' title='bbox 1092 5031 1237 5094; x_wconf 88' lang='lat' dir='ltr'>temporale</span> <span class='ocrx_word' id='word_1_734' title='bbox 1259 5039 1299 5086; x_wconf 90' lang='lat' dir='ltr'>est</span> <span class='ocrx_word' id='word_1_735' title='bbox 1318 5031 1441 5084; x_wconf 87' lang='lat' dir='ltr'>mutabile</span> <span class='ocrx_word' id='word_1_736' title='bbox 1459 5039 1485 5086; x_wconf 89' lang='grc'>44</span> <span class='ocrx_word' id='word_1_737' title='bbox 1503 5033 1626 5088; x_wconf 87' lang='lat' dir='ltr'>variabile</span> <span class='ocrx_word' id='word_1_738' title='bbox 1665 5031 1734 5086; x_wconf 88' lang='lat' dir='ltr'>tione</span> <span class='ocrx_word' id='word_1_739' title='bbox 1747 5031 2036 5098; x_wconf 86' lang='lat' dir='ltr'>amplianturadomne</span> <span class='ocrx_word' id='word_1_740' title='bbox 2049 5037 2152 5098; x_wconf 89' lang='lat' dir='ltr'>tempus</span> <span class='ocrx_word' id='word_1_741' title='bbox 2166 5029 2272 5082; x_wconf 90' lang='grc'>17766.</span> <span class='ocrx_word' id='word_1_742' title='bbox 2286 5031 2295 5080; x_wconf 97' lang='lat' dir='ltr'>l</span> 
     </span>
     <span class='ocr_line' id='line_1_46' title="bbox 317 5117 2301 5188; baseline 0.001 -18"><span class='ocrx_word' id='word_1_743' title='bbox 317 5121 489 5184; x_wconf 88' lang='lat' dir='ltr'>primoestet</span> <span class='ocrx_word' id='word_1_744' title='bbox 509 5117 953 5184; x_wconf 70' lang='lat' dir='ltr'>consentaneus-proprie</span> <span class='ocrx_word' id='word_1_745' title='bbox 992 5121 1065 5172; x_wconf 90' lang='grc'>4541</span> <span class='ocrx_word' id='word_1_746' title='bbox 1088 5121 1234 5188; x_wconf 58' lang='grc'>4444-</span> <span class='ocrx_word' id='word_1_747' title='bbox 1259 5129 1297 5174; x_wconf 86' lang='grc'>444</span> <span class='ocrx_word' id='word_1_748' title='bbox 1324 5123 1437 5174; x_wconf 86' lang='lat' dir='ltr'>maxime</span> <span class='ocrx_word' id='word_1_749' title='bbox 1463 5121 1588 5174; x_wconf 87' lang='lat' dir='ltr'>variabile</span> <span class='ocrx_word' id='word_1_750' title='bbox 1618 5125 1626 5176; x_wconf 98' lang='lat' dir='ltr'>l</span> <span class='ocrx_word' id='word_1_751' title='bbox 1717 5149 1752 5160; x_wconf 90' lang='lat'><em>-</em></span> <span class='ocrx_word' id='word_1_752' title='bbox 1772 5121 2062 5186; x_wconf 86' lang='lat' dir='ltr'>potestbaberealinm</span> <span class='ocrx_word' id='word_1_753' title='bbox 2076 5121 2301 5184; x_wconf 88' lang='lat' dir='ltr'>modumsuppo·</span> 
     </span>
     <span class='ocr_line' id='line_1_47' title="bbox 314 5205 2297 5276; baseline 0.001 -18"><span class='ocrx_word' id='word_1_754' title='bbox 314 5215 352 5260; x_wconf 90' lang='lat' dir='ltr'>est</span> <span class='ocrx_word' id='word_1_755' title='bbox 372 5219 494 5258; x_wconf 85' lang='lat' dir='ltr'>mensura</span> <span class='ocrx_word' id='word_1_756' title='bbox 522 5215 609 5260; x_wconf 90' lang='lat' dir='ltr'>motas</span> <span class='ocrx_word' id='word_1_757' title='bbox 628 5207 704 5272; x_wconf 87' lang='lat' dir='ltr'>primi</span> <span class='ocrx_word' id='word_1_758' title='bbox 731 5205 834 5260; x_wconf 89' lang='lat' dir='ltr'>mobilis</span> <span class='ocrx_word' id='word_1_759' title='bbox 853 5205 916 5262; x_wconf 83' lang='lat' dir='ltr'>inid.</span> <span class='ocrx_word' id='word_1_760' title='bbox 936 5207 952 5258; x_wconf 97' lang='lat' dir='ltr'>ll</span> <span class='ocrx_word' id='word_1_761' title='bbox 991 5211 1041 5262; x_wconf 90' lang='grc'>547</span> <span class='ocrx_word' id='word_1_762' title='bbox 1063 5211 1088 5262; x_wconf 90' lang='grc'>6.</span> <span class='ocrx_word' id='word_1_763' title='bbox 1107 5211 1123 5262; x_wconf 91' lang='grc'>4</span> <span class='ocrx_word' id='word_1_764' title='bbox 1141 5237 1176 5246; x_wconf 93' lang='lat'><em>-</em></span> <span class='ocrx_word' id='word_1_765' title='bbox 1195 5217 1235 5262; x_wconf 89' lang='grc'>444</span> <span class='ocrx_word' id='word_1_766' title='bbox 1253 5211 1278 5262; x_wconf 89' lang='grc'>44</span> <span class='ocrx_word' id='word_1_767' title='bbox 1298 5209 1531 5262; x_wconf 87' lang='grc'>41444444044414444</span> <span class='ocrx_word' id='word_1_768' title='bbox 1544 5211 1626 5264; x_wconf 87' lang='grc'>44414-</span> <span class='ocrx_word' id='word_1_769' title='bbox 1664 5211 1743 5262; x_wconf 86' lang='lat' dir='ltr'>nendi</span> <span class='ocrx_word' id='word_1_770' title='bbox 1761 5211 1787 5262; x_wconf 89' lang='lat' dir='ltr'>in</span> <span class='ocrx_word' id='word_1_771' title='bbox 1806 5209 2297 5276; x_wconf 67' lang='grc'>0414444444444444444444444198</span> 
     </span>
     <span class='ocr_line' id='line_1_48' title="bbox 315 5295 2301 5364; baseline -0.004 -11"><span class='ocrx_word' id='word_1_772' title='bbox 315 5295 348 5346; x_wconf 85' lang='grc'>38</span> <span class='ocrx_word' id='word_1_773' title='bbox 369 5295 393 5346; x_wconf 84' lang='lat' dir='ltr'>d.</span> <span class='ocrx_word' id='word_1_774' title='bbox 413 5295 437 5346; x_wconf 81' lang='grc'>1.</span> <span class='ocrx_word' id='word_1_775' title='bbox 456 5295 490 5346; x_wconf 80' lang='lat' dir='ltr'>IV</span> <span class='ocrx_word' id='word_1_776' title='bbox 509 5295 561 5346; x_wconf 81' lang='grc'>450</span> <span class='ocrx_word' id='word_1_777' title='bbox 580 5295 597 5346; x_wconf 83' lang='grc'>1)</span> <span class='ocrx_word' id='word_1_778' title='bbox 992 5309 1029 5354; x_wconf 88' lang='grc'>444</span> <span class='ocrx_word' id='word_1_779' title='bbox 1048 5313 1075 5352; x_wconf 87' lang='grc'>44</span> <span class='ocrx_word' id='word_1_780' title='bbox 1094 5299 1194 5352; x_wconf 85' lang='lat' dir='ltr'>babens</span> <span class='ocrx_word' id='word_1_781' title='bbox 1212 5299 1229 5350; x_wconf 99' lang='lat' dir='ltr'>ll</span> <span class='ocrx_word' id='word_1_782' title='bbox 1250 5297 1283 5352; x_wconf 89' lang='grc'>55</span> <span class='ocrx_word' id='word_1_783' title='bbox 1303 5299 1319 5350; x_wconf 90' lang='grc'>1.</span> <span class='ocrx_word' id='word_1_784' title='bbox 1338 5299 1364 5350; x_wconf 91' lang='lat'>3.</span> <span class='ocrx_word' id='word_1_785' title='bbox 1383 5299 1416 5350; x_wconf 90' lang='grc'>66</span> <span class='ocrx_word' id='word_1_786' title='bbox 1436 5313 1494 5364; x_wconf 69' lang='lat' dir='ltr'>arg.</span> <span class='ocrx_word' id='word_1_787' title='bbox 1511 5301 1527 5352; x_wconf 93' lang='grc'>4</span> <span class='ocrx_word' id='word_1_788' title='bbox 1665 5295 1693 5350; x_wconf 82' lang='grc'>3*</span> <span class='ocrx_word' id='word_1_789' title='bbox 1712 5327 1746 5336; x_wconf 65' lang='lat'>...</span> <span class='ocrx_word' id='word_1_790' title='bbox 1766 5307 1875 5364; x_wconf 84' lang='lat' dir='ltr'>negatus</span> <span class='ocrx_word' id='word_1_791' title='bbox 1892 5313 1942 5364; x_wconf 91' lang='lat' dir='ltr'>pro</span> <span class='ocrx_word' id='word_1_792' title='bbox 1961 5301 2010 5352; x_wconf 88' lang='lat' dir='ltr'>alio</span> <span class='ocrx_word' id='word_1_793' title='bbox 2030 5301 2154 5364; x_wconf 89' lang='lat' dir='ltr'>supponit</span> <span class='ocrx_word' id='word_1_794' title='bbox 2173 5297 2301 5364; x_wconf 81' lang='grc'>4444041-</span> 
     </span>
     <span class='ocr_line' id='line_1_49' title="bbox 368 5385 1960 5460; baseline 0.001 -24"><span class='ocrx_word' id='word_1_795' title='bbox 368 5409 402 5424; x_wconf 89' lang='lat'>-</span> <span class='ocrx_word' id='word_1_796' title='bbox 421 5389 460 5436; x_wconf 88' lang='lat' dir='ltr'>est</span> <span class='ocrx_word' id='word_1_797' title='bbox 478 5385 951 5448; x_wconf 87' lang='lat' dir='ltr'>numerussivemenseramotuum,</span> <span class='ocrx_word' id='word_1_798' title='bbox 1043 5417 1077 5428; x_wconf 89' lang='lat'>-</span> <span class='ocrx_word' id='word_1_799' title='bbox 1097 5385 1228 5442; x_wconf 88' lang='lat' dir='ltr'>Variabile</span> <span class='ocrx_word' id='word_1_800' title='bbox 1241 5395 1266 5440; x_wconf 90' lang='lat' dir='ltr'>ct</span> <span class='ocrx_word' id='word_1_801' title='bbox 1278 5387 1446 5454; x_wconf 90' lang='lat' dir='ltr'>corruptibile</span> <span class='ocrx_word' id='word_1_802' title='bbox 1460 5393 1626 5442; x_wconf 89' lang='lat' dir='ltr'>mensuratur</span> <span class='ocrx_word' id='word_1_803' title='bbox 1665 5387 1782 5441; x_wconf 87' lang='lat' dir='ltr'>tlrmatus</span> <span class='ocrx_word' id='word_1_804' title='bbox 1802 5389 1809 5438; x_wconf 99' lang='lat' dir='ltr'>l</span> <span class='ocrx_word' id='word_1_805' title='bbox 1828 5387 1960 5460; x_wconf 80' lang='grc'>50564</span> 
     </span>
     <span class='ocr_line' id='line_1_50' title="bbox 316 5471 2301 5542; baseline -0.006 -4"><span class='ocrx_word' id='word_1_806' title='bbox 316 5475 360 5538; x_wconf 75' lang='grc'>11111</span> <span class='ocrx_word' id='word_1_807' title='bbox 380 5471 522 5524; x_wconf 64' lang='lat' dir='ltr'>secundum</span> <span class='ocrx_word' id='word_1_808' title='bbox 541 5475 682 5526; x_wconf 67' lang='grc'>4849011414</span> <span class='ocrx_word' id='word_1_809' title='bbox 701 5477 726 5524; x_wconf 80' lang='grc' dir='ltr'>θ1</span> <span class='ocrx_word' id='word_1_810' title='bbox 745 5471 953 5526; x_wconf 64' lang='grc' dir='ltr'>1441411014θὲ14</span> <span class='ocrx_word' id='word_1_811' title='bbox 991 5483 1109 5542; x_wconf 84' lang='lat' dir='ltr'>tenrpore</span> <span class='ocrx_word' id='word_1_812' title='bbox 1137 5477 1153 5526; x_wconf 99' lang='lat' dir='ltr'>ll</span> <span class='ocrx_word' id='word_1_813' title='bbox 1184 5477 1216 5526; x_wconf 92' lang='grc'>66</span> <span class='ocrx_word' id='word_1_814' title='bbox 1246 5491 1302 5542; x_wconf 82' lang='lat' dir='ltr'>arg.</span> <span class='ocrx_word' id='word_1_815' title='bbox 1319 5475 1345 5540; x_wconf 88' lang='lat'>3,</span> <span class='ocrx_word' id='word_1_816' title='bbox 1369 5475 1437 5526; x_wconf 74' lang='grc'>4·-</span> <span class='ocrx_word' id='word_1_817' title='bbox 1455 5477 1626 5542; x_wconf 83' lang='lat' dir='ltr'>Temporale,</span> <span class='ocrx_word' id='word_1_818' title='bbox 1718 5475 2301 5540; x_wconf 81' lang='lat' dir='ltr'>&#39;l&#39;ornn-dicitnrabsolute‚velpercom·</span> 
     </span>
     <span class='ocr_line' id='line_1_51' title="bbox 315 5559 2299 5634; baseline -0.002 -16"><span class='ocrx_word' id='word_1_819' title='bbox 315 5573 342 5612; x_wconf 84' lang='lat' dir='ltr'>m</span> <span class='ocrx_word' id='word_1_820' title='bbox 361 5559 451 5612; x_wconf 82' lang='lat' dir='ltr'>mobili</span> <span class='ocrx_word' id='word_1_821' title='bbox 470 5559 510 5610; x_wconf 80' lang='lat' dir='ltr'>vel</span> <span class='ocrx_word' id='word_1_822' title='bbox 536 5565 622 5626; x_wconf 88' lang='lat' dir='ltr'>mota,</span> <span class='ocrx_word' id='word_1_823' title='bbox 650 5559 795 5614; x_wconf 79' lang='lat' dir='ltr'>secundum</span> <span class='ocrx_word' id='word_1_824' title='bbox 825 5559 952 5612; x_wconf 73' lang='lat' dir='ltr'>actualem</span> <span class='ocrx_word' id='word_1_825' title='bbox 991 5567 1062 5634; x_wconf 84' lang='lat' dir='ltr'>quod</span> <span class='ocrx_word' id='word_1_826' title='bbox 1076 5567 1153 5618; x_wconf 89' lang='lat' dir='ltr'>babet</span> <span class='ocrx_word' id='word_1_827' title='bbox 1166 5565 1266 5616; x_wconf 89' lang='lat' dir='ltr'>initiam</span> <span class='ocrx_word' id='word_1_828' title='bbox 1280 5571 1307 5616; x_wconf 91' lang='lat' dir='ltr'>et</span> <span class='ocrx_word' id='word_1_829' title='bbox 1318 5565 1488 5618; x_wconf 90' lang='lat' dir='ltr'>variationem</span> <span class='ocrx_word' id='word_1_830' title='bbox 1502 5571 1525 5618; x_wconf 88' lang='lat' dir='ltr'>et</span> <span class='ocrx_word' id='word_1_831' title='bbox 1539 5571 1625 5618; x_wconf 86' lang='lat' dir='ltr'>actum</span> <span class='ocrx_word' id='word_1_832' title='bbox 1666 5565 1826 5628; x_wconf 88' lang='lat' dir='ltr'>parationem</span> <span class='ocrx_word' id='word_1_833' title='bbox 1846 5563 1878 5616; x_wconf 88' lang='lat' dir='ltr'>od</span> <span class='ocrx_word' id='word_1_834' title='bbox 1898 5569 1998 5626; x_wconf 87' lang='lat' dir='ltr'>partem</span> <span class='ocrx_word' id='word_1_835' title='bbox 2017 5563 2025 5614; x_wconf 96' lang='lat' dir='ltr'>l</span> <span class='ocrx_word' id='word_1_836' title='bbox 2047 5561 2097 5614; x_wconf 91' lang='grc'>356</span> <span class='ocrx_word' id='word_1_837' title='bbox 2117 5577 2130 5614; x_wconf 89' lang='grc'>4</span> <span class='ocrx_word' id='word_1_838' title='bbox 2150 5567 2299 5616; x_wconf 89' lang='lat' dir='ltr'>-tenetur</span> 
     </span>
     <span class='ocr_line' id='line_1_52' title="bbox 315 5649 2299 5718; baseline -0.001 -12"><span class='ocrx_word' id='word_1_839' title='bbox 315 5661 378 5700; x_wconf 81' lang='lat' dir='ltr'>veno</span> <span class='ocrx_word' id='word_1_840' title='bbox 398 5649 603 5700; x_wconf 72' lang='lat' dir='ltr'>numerationem</span> <span class='ocrx_word' id='word_1_841' title='bbox 623 5653 695 5700; x_wconf 76' lang='grc'>4816</span> <span class='ocrx_word' id='word_1_842' title='bbox 715 5655 789 5712; x_wconf 76' lang='lat' dir='ltr'>nuile</span> <span class='ocrx_word' id='word_1_843' title='bbox 812 5649 915 5700; x_wconf 75' lang='lat' dir='ltr'>animun</span> <span class='ocrx_word' id='word_1_844' title='bbox 935 5649 952 5700; x_wconf 89' lang='grc'>11</span> <span class='ocrx_word' id='word_1_845' title='bbox 990 5655 1015 5706; x_wconf 90' lang='grc'>44</span> <span class='ocrx_word' id='word_1_846' title='bbox 1035 5663 1163 5718; x_wconf 86' lang='lat' dir='ltr'>tempore,</span> <span class='ocrx_word' id='word_1_847' title='bbox 1185 5651 1302 5706; x_wconf 88' lang='lat' dir='ltr'>subiacet</span> <span class='ocrx_word' id='word_1_848' title='bbox 1320 5655 1432 5718; x_wconf 84' lang='lat' dir='ltr'>tempori</span> <span class='ocrx_word' id='word_1_849' title='bbox 1451 5661 1476 5706; x_wconf 89' lang='lat' dir='ltr'>et</span> <span class='ocrx_word' id='word_1_850' title='bbox 1489 5661 1527 5706; x_wconf 91' lang='lat' dir='ltr'>est</span> <span class='ocrx_word' id='word_1_851' title='bbox 1540 5667 1626 5706; x_wconf 91' lang='lat' dir='ltr'>corrn·</span> <span class='ocrx_word' id='word_1_852' title='bbox 1665 5659 1692 5704; x_wconf 90' lang='lat' dir='ltr'>ul</span> <span class='ocrx_word' id='word_1_853' title='bbox 1709 5655 1824 5718; x_wconf 78' lang='lat' dir='ltr'>signum,</span> <span class='ocrx_word' id='word_1_854' title='bbox 1843 5651 1883 5702; x_wconf 90' lang='lat' dir='ltr'>vel</span> <span class='ocrx_word' id='word_1_855' title='bbox 1903 5659 1932 5704; x_wconf 90' lang='lat' dir='ltr'>ut</span> <span class='ocrx_word' id='word_1_856' title='bbox 1949 5649 2109 5704; x_wconf 88' lang='lat' dir='ltr'>adiectivnm</span> <span class='ocrx_word' id='word_1_857' title='bbox 2129 5653 2158 5704; x_wconf 97' lang='lat' dir='ltr'>lll</span> <span class='ocrx_word' id='word_1_858' title='bbox 2180 5651 2231 5706; x_wconf 87' lang='grc'>465</span> <span class='ocrx_word' id='word_1_859' title='bbox 2244 5651 2269 5706; x_wconf 92' lang='lat' dir='ltr'>d.</span> <span class='ocrx_word' id='word_1_860' title='bbox 2285 5655 2299 5704; x_wconf 89' lang='grc'>4</span> 
     </span>
     <span class='ocr_line' id='line_1_53' title="bbox 316 5737 2299 5808; baseline -0.001 -14"><span class='ocrx_word' id='word_1_861' title='bbox 316 5737 347 5790; x_wconf 83' lang='lat'>59</span> <span class='ocrx_word' id='word_1_862' title='bbox 368 5751 383 5788; x_wconf 82' lang='lat' dir='ltr'>u</span> <span class='ocrx_word' id='word_1_863' title='bbox 401 5763 437 5774; x_wconf 83' lang='lat'>·-</span> <span class='ocrx_word' id='word_1_864' title='bbox 455 5743 494 5788; x_wconf 73' lang='lat' dir='ltr'>esi</span> <span class='ocrx_word' id='word_1_865' title='bbox 513 5751 639 5788; x_wconf 77' lang='lat' dir='ltr'>nummus</span> <span class='ocrx_word' id='word_1_866' title='bbox 657 5741 745 5790; x_wconf 80' lang='lat' dir='ltr'>mulus</span> <span class='ocrx_word' id='word_1_867' title='bbox 763 5741 915 5790; x_wconf 73' lang='lat' dir='ltr'>nummulus</span> <span class='ocrx_word' id='word_1_868' title='bbox 929 5741 954 5786; x_wconf 73' lang='lat' dir='ltr'>el</span> <span class='ocrx_word' id='word_1_869' title='bbox 991 5741 1078 5806; x_wconf 89' lang='lat' dir='ltr'>ptibile</span> <span class='ocrx_word' id='word_1_870' title='bbox 1097 5749 1123 5794; x_wconf 86' lang='lat' dir='ltr'>et</span> <span class='ocrx_word' id='word_1_871' title='bbox 1140 5739 1265 5792; x_wconf 88' lang='lat' dir='ltr'>variabile</span> <span class='ocrx_word' id='word_1_872' title='bbox 1286 5743 1292 5790; x_wconf 98' lang='lat' dir='ltr'>l</span> <span class='ocrx_word' id='word_1_873' title='bbox 1313 5739 1364 5792; x_wconf 86' lang='grc'>446</span> <span class='ocrx_word' id='word_1_874' title='bbox 1384 5741 1413 5794; x_wconf 89' lang='grc'>5*</span> <span class='ocrx_word' id='word_1_875' title='bbox 1432 5745 1626 5808; x_wconf 82' lang='lat' dir='ltr'>-Pruprietas</span> <span class='ocrx_word' id='word_1_876' title='bbox 1664 5769 1698 5780; x_wconf 96' lang='lat'>—</span> <span class='ocrx_word' id='word_1_877' title='bbox 1717 5745 1746 5792; x_wconf 91' lang='grc'>44</span> <span class='ocrx_word' id='word_1_878' title='bbox 1763 5741 1868 5804; x_wconf 81' lang='lat' dir='ltr'>signum</span> <span class='ocrx_word' id='word_1_879' title='bbox 1888 5739 2018 5792; x_wconf 87' lang='lat' dir='ltr'>distribuit</span> <span class='ocrx_word' id='word_1_880' title='bbox 2038 5741 2061 5790; x_wconf 93' lang='lat' dir='ltr'>ln</span> <span class='ocrx_word' id='word_1_881' title='bbox 2085 5741 2186 5806; x_wconf 86' lang='lat' dir='ltr'>aliquas</span> <span class='ocrx_word' id='word_1_882' title='bbox 2212 5748 2299 5804; x_wconf 87' lang='lat' dir='ltr'>partes</span> 
     </span>
     <span class='ocr_line' id='line_1_54' title="bbox 317 5821 2301 5898; baseline 0.003 -19"><span class='ocrx_word' id='word_1_883' title='bbox 317 5825 451 5890; x_wconf 79' lang='lat' dir='ltr'>dispositio</span> <span class='ocrx_word' id='word_1_884' title='bbox 470 5825 508 5874; x_wconf 81' lang='lat' dir='ltr'>ml</span> <span class='ocrx_word' id='word_1_885' title='bbox 526 5831 605 5890; x_wconf 82' lang='lat' dir='ltr'>extre,</span> <span class='ocrx_word' id='word_1_886' title='bbox 625 5839 676 5876; x_wconf 88' lang='lat' dir='ltr'>nun</span> <span class='ocrx_word' id='word_1_887' title='bbox 690 5823 759 5876; x_wconf 83' lang='lat' dir='ltr'>fictio</span> <span class='ocrx_word' id='word_1_888' title='bbox 771 5827 874 5876; x_wconf 79' lang='lat' dir='ltr'>animae</span> <span class='ocrx_word' id='word_1_889' title='bbox 886 5821 950 5876; x_wconf 75' lang='lat' dir='ltr'>ili-b</span> <span class='ocrx_word' id='word_1_890' title='bbox 989 5831 1115 5892; x_wconf 89' lang='lat' dir='ltr'>temporis</span> <span class='ocrx_word' id='word_1_891' title='bbox 1133 5835 1172 5880; x_wconf 90' lang='lat' dir='ltr'>est</span> <span class='ocrx_word' id='word_1_892' title='bbox 1190 5831 1299 5882; x_wconf 85' lang='lat' dir='ltr'>variatio</span> <span class='ocrx_word' id='word_1_893' title='bbox 1318 5835 1342 5880; x_wconf 92' lang='lat' dir='ltr'>et</span> <span class='ocrx_word' id='word_1_894' title='bbox 1362 5833 1495 5884; x_wconf 85' lang='lat' dir='ltr'>innovatio</span> <span class='ocrx_word' id='word_1_895' title='bbox 1511 5831 1598 5898; x_wconf 86' lang='lat' dir='ltr'>aliqua</span> <span class='ocrx_word' id='word_1_896' title='bbox 1618 5834 1625 5885; x_wconf 93' lang='grc'>1</span> <span class='ocrx_word' id='word_1_897' title='bbox 1664 5827 1725 5882; x_wconf 79' lang='lat' dir='ltr'>iaici.</span> <span class='ocrx_word' id='word_1_898' title='bbox 1743 5855 1777 5868; x_wconf 89' lang='lat'>·-</span> <span class='ocrx_word' id='word_1_899' title='bbox 1796 5829 1924 5892; x_wconf 79' lang='lat' dir='ltr'>signiticat</span> <span class='ocrx_word' id='word_1_900' title='bbox 1942 5829 2119 5880; x_wconf 87' lang='lat' dir='ltr'>collectionem</span> <span class='ocrx_word' id='word_1_901' title='bbox 2138 5835 2183 5880; x_wconf 91' lang='lat' dir='ltr'>ant</span> <span class='ocrx_word' id='word_1_902' title='bbox 2195 5829 2301 5884; x_wconf 90' lang='lat' dir='ltr'>divisiu-</span> 
     </span>
     <span class='ocr_line' id='line_1_55' title="bbox 368 5913 2080 5984; baseline 0.002 -20"><span class='ocrx_word' id='word_1_903' title='bbox 368 5939 401 5950; x_wconf 78' lang='lat'>-</span> <span class='ocrx_word' id='word_1_904' title='bbox 421 5913 524 5976; x_wconf 88' lang='lat' dir='ltr'>respicit</span> <span class='ocrx_word' id='word_1_905' title='bbox 544 5913 707 5964; x_wconf 89' lang='lat' dir='ltr'>durationem</span> <span class='ocrx_word' id='word_1_906' title='bbox 727 5913 826 5964; x_wconf 89' lang='lat' dir='ltr'>variam</span> <span class='ocrx_word' id='word_1_907' title='bbox 847 5921 872 5964; x_wconf 89' lang='lat' dir='ltr'>et</span> <span class='ocrx_word' id='word_1_908' title='bbox 896 5925 952 5964; x_wconf 88' lang='lat' dir='ltr'>suc·</span> <span class='ocrx_word' id='word_1_909' title='bbox 989 5917 1039 5970; x_wconf 90' lang='grc'>660</span> <span class='ocrx_word' id='word_1_910' title='bbox 1062 5915 1088 5970; x_wconf 85' lang='grc'>1*</span> <span class='ocrx_word' id='word_1_911' title='bbox 1108 5943 1141 5958; x_wconf 84' lang='lat'>-·</span> <span class='ocrx_word' id='word_1_912' title='bbox 1161 5917 1245 5970; x_wconf 91' lang='lat' dir='ltr'>Omne</span> <span class='ocrx_word' id='word_1_913' title='bbox 1268 5917 1394 5970; x_wconf 86' lang='lat' dir='ltr'>variabile</span> <span class='ocrx_word' id='word_1_914' title='bbox 1421 5925 1457 5970; x_wconf 91' lang='lat' dir='ltr'>est</span> <span class='ocrx_word' id='word_1_915' title='bbox 1484 5919 1626 5984; x_wconf 86' lang='lat' dir='ltr'>temporale</span> <span class='ocrx_word' id='word_1_916' title='bbox 1664 5931 1732 5982; x_wconf 90' lang='lat' dir='ltr'>nem,</span> <span class='ocrx_word' id='word_1_917' title='bbox 1752 5917 1795 5968; x_wconf 82' lang='lat' dir='ltr'>erl</span> <span class='ocrx_word' id='word_1_918' title='bbox 1813 5919 1999 5980; x_wconf 88' lang='lat' dir='ltr'>perlectionem</span> <span class='ocrx_word' id='word_1_919' title='bbox 2016 5915 2080 5970; x_wconf 87' lang='lat' dir='ltr'>ibid.</span> 
     </span>
     <span class='ocr_line' id='line_1_56' title="bbox 316 5989 2299 6072; baseline 0.003 -18"><span class='ocrx_word' id='word_1_920' title='bbox 316 6003 457 6066; x_wconf 82' lang='lat' dir='ltr'>sessivam,</span> <span class='ocrx_word' id='word_1_921' title='bbox 476 6015 544 6066; x_wconf 84' lang='lat' dir='ltr'>qnae</span> <span class='ocrx_word' id='word_1_922' title='bbox 564 6003 635 6052; x_wconf 88' lang='lat' dir='ltr'>venit</span> <span class='ocrx_word' id='word_1_923' title='bbox 653 6015 684 6052; x_wconf 83' lang='lat' dir='ltr'>ex</span> <span class='ocrx_word' id='word_1_924' title='bbox 704 6003 818 6064; x_wconf 90' lang='lat' dir='ltr'>potentia</span> <span class='ocrx_word' id='word_1_925' title='bbox 842 6003 880 6052; x_wconf 90' lang='lat' dir='ltr'>rei</span> <span class='ocrx_word' id='word_1_926' title='bbox 899 6013 951 6052; x_wconf 85' lang='grc'>440·</span> <span class='ocrx_word' id='word_1_927' title='bbox 990 6007 995 6056; x_wconf 95' lang='lat' dir='ltr'>t</span> <span class='ocrx_word' id='word_1_928' title='bbox 1016 6005 1068 6058; x_wconf 86' lang='grc'>547</span> <span class='ocrx_word' id='word_1_929' title='bbox 1086 5989 1147 6058; x_wconf 84' lang='grc'>(4.4</span> <span class='ocrx_word' id='word_1_930' title='bbox 1715 6031 1750 6046; x_wconf 90' lang='grc'><strong>-</strong></span> <span class='ocrx_word' id='word_1_931' title='bbox 1769 6005 1863 6058; x_wconf 87' lang='lat' dir='ltr'>dicitur</span> <span class='ocrx_word' id='word_1_932' title='bbox 1880 6005 1952 6072; x_wconf 76' lang='grc'>(4406</span> <span class='ocrx_word' id='word_1_933' title='bbox 1973 6005 2051 6058; x_wconf 84' lang='lat' dir='ltr'>babet</span> <span class='ocrx_word' id='word_1_934' title='bbox 2070 6011 2173 6072; x_wconf 89' lang='lat' dir='ltr'>partem</span> <span class='ocrx_word' id='word_1_935' title='bbox 2197 6013 2223 6060; x_wconf 88' lang='lat' dir='ltr'>et</span> <span class='ocrx_word' id='word_1_936' title='bbox 2242 6021 2299 6072; x_wconf 90' lang='lat' dir='ltr'>par·</span> 
     </span>
     <span class='ocr_line' id='line_1_57' title="bbox 314 6087 2297 6162; baseline 0.002 -20"><span class='ocrx_word' id='word_1_937' title='bbox 314 6087 839 6144; x_wconf 60' lang='grc'>0414411591]1146417.84444444’044</span> <span class='ocrx_word' id='word_1_938' title='bbox 866 6087 951 6140; x_wconf 80' lang='lat' dir='ltr'>ludim</span> <span class='ocrx_word' id='word_1_939' title='bbox 1041 6123 1075 6134; x_wconf 85' lang='lat'>-</span> <span class='ocrx_word' id='word_1_940' title='bbox 1095 6095 1259 6158; x_wconf 82' lang='lat' dir='ltr'>Temporalia</span> <span class='ocrx_word' id='word_1_941' title='bbox 1280 6095 1626 6162; x_wconf 87' lang='lat' dir='ltr'>intempore-suntcorrn-</span> <span class='ocrx_word' id='word_1_942' title='bbox 1664 6093 1812 6148; x_wconf 86' lang='grc'>44441356</span> <span class='ocrx_word' id='word_1_943' title='bbox 1831 6109 1857 6146; x_wconf 85' lang='grc'>4.</span> <span class='ocrx_word' id='word_1_944' title='bbox 1875 6093 1902 6144; x_wconf 94' lang='grc'>111</span> <span class='ocrx_word' id='word_1_945' title='bbox 1923 6093 1955 6144; x_wconf 88' lang='grc'>95</span> <span class='ocrx_word' id='word_1_946' title='bbox 1975 6095 2001 6148; x_wconf 90' lang='grc'>6.</span> <span class='ocrx_word' id='word_1_947' title='bbox 2022 6093 2047 6148; x_wconf 90' lang='grc'>4.</span> <span class='ocrx_word' id='word_1_948' title='bbox 2066 6095 2118 6148; x_wconf 87' lang='grc'>465</span> <span class='ocrx_word' id='word_1_949' title='bbox 2130 6095 2157 6148; x_wconf 90' lang='lat' dir='ltr'>d.</span> <span class='ocrx_word' id='word_1_950' title='bbox 2171 6095 2297 6148; x_wconf 74' lang='grc'>411106</span> 
     </span>
     <span class='ocr_line' id='line_1_58' title="bbox 315 6171 2297 6254; baseline 0.002 -22"><span class='ocrx_word' id='word_1_951' title='bbox 315 6193 403 6246; x_wconf 82' lang='lat' dir='ltr'>gener.</span> <span class='ocrx_word' id='word_1_952' title='bbox 989 6181 1084 6248; x_wconf 89' lang='lat' dir='ltr'>ptlbllla</span> <span class='ocrx_word' id='word_1_953' title='bbox 1106 6185 1113 6236; x_wconf 98' lang='lat' dir='ltr'>l</span> <span class='ocrx_word' id='word_1_954' title='bbox 1133 6181 1185 6234; x_wconf 90' lang='grc'>654</span> <span class='ocrx_word' id='word_1_955' title='bbox 1205 6182 1221 6234; x_wconf 89' lang='lat' dir='ltr'>i.</span> <span class='ocrx_word' id='word_1_956' title='bbox 1242 6185 1257 6234; x_wconf 90' lang='grc'>4</span> <span class='ocrx_word' id='word_1_957' title='bbox 1277 6213 1311 6222; x_wconf 88' lang='grc'>-</span> <span class='ocrx_word' id='word_1_958' title='bbox 1329 6183 1422 6250; x_wconf 89' lang='lat' dir='ltr'>Omne,</span> <span class='ocrx_word' id='word_1_959' title='bbox 1436 6185 1506 6252; x_wconf 83' lang='lat' dir='ltr'>qrrod</span> <span class='ocrx_word' id='word_1_960' title='bbox 1520 6171 1625 6240; x_wconf 89' lang='lat' dir='ltr'>mensu·</span> <span class='ocrx_word' id='word_1_961' title='bbox 1663 6183 1708 6236; x_wconf 91' lang='grc'>14*</span> <span class='ocrx_word' id='word_1_962' title='bbox 1726 6211 1761 6222; x_wconf 90' lang='grc'>-</span> <span class='ocrx_word' id='word_1_963' title='bbox 1780 6185 1890 6248; x_wconf 85' lang='lat' dir='ltr'>positive</span> <span class='ocrx_word' id='word_1_964' title='bbox 1910 6183 2008 6236; x_wconf 87' lang='lat' dir='ltr'>dictant</span> <span class='ocrx_word' id='word_1_965' title='bbox 2027 6191 2066 6236; x_wconf 88' lang='lat' dir='ltr'>est</span> <span class='ocrx_word' id='word_1_966' title='bbox 2085 6185 2155 6236; x_wconf 89' lang='lat' dir='ltr'>idem</span> <span class='ocrx_word' id='word_1_967' title='bbox 2176 6183 2246 6254; x_wconf 83' lang='lat' dir='ltr'>qnod</span> <span class='ocrx_word' id='word_1_968' title='bbox 2266 6197 2297 6236; x_wconf 86' lang='lat' dir='ltr'>ex</span> 
     </span>
     <span class='ocr_line' id='line_1_59' title="bbox 368 6265 2299 6338; baseline 0.003 -20"><span class='ocrx_word' id='word_1_969' title='bbox 368 6293 399 6306; x_wconf 86' lang='lat'><em>-</em></span> <span class='ocrx_word' id='word_1_970' title='bbox 421 6279 471 6318; x_wconf 91' lang='lat' dir='ltr'>non</span> <span class='ocrx_word' id='word_1_971' title='bbox 491 6271 530 6318; x_wconf 88' lang='lat' dir='ltr'>est</span> <span class='ocrx_word' id='word_1_972' title='bbox 548 6267 573 6318; x_wconf 90' lang='lat' dir='ltr'>in</span> <span class='ocrx_word' id='word_1_973' title='bbox 592 6267 695 6319; x_wconf 88' lang='lat' dir='ltr'>instanti</span> <span class='ocrx_word' id='word_1_974' title='bbox 714 6267 731 6318; x_wconf 98' lang='lat' dir='ltr'>ll</span> <span class='ocrx_word' id='word_1_975' title='bbox 752 6265 785 6318; x_wconf 91' lang='grc'>40</span> <span class='ocrx_word' id='word_1_976' title='bbox 806 6279 863 6330; x_wconf 71' lang='lat' dir='ltr'>at‘g.</span> <span class='ocrx_word' id='word_1_977' title='bbox 883 6265 897 6316; x_wconf 88' lang='grc'>4</span> <span class='ocrx_word' id='word_1_978' title='bbox 916 6295 950 6304; x_wconf 92' lang='grc'>-</span> <span class='ocrx_word' id='word_1_979' title='bbox 988 6277 1060 6324; x_wconf 87' lang='grc'>44444</span> <span class='ocrx_word' id='word_1_980' title='bbox 1078 6285 1091 6322; x_wconf 88' lang='grc'>4</span> <span class='ocrx_word' id='word_1_981' title='bbox 1112 6277 1239 6336; x_wconf 89' lang='lat' dir='ltr'>tempore,</span> <span class='ocrx_word' id='word_1_982' title='bbox 1259 6273 1369 6324; x_wconf 90' lang='lat' dir='ltr'>senescit</span> <span class='ocrx_word' id='word_1_983' title='bbox 1386 6279 1412 6324; x_wconf 91' lang='lat' dir='ltr'>et</span> <span class='ocrx_word' id='word_1_984' title='bbox 1431 6273 1556 6326; x_wconf 86' lang='lat' dir='ltr'>tenditad</span> <span class='ocrx_word' id='word_1_985' title='bbox 1570 6285 1624 6328; x_wconf 92' lang='lat' dir='ltr'>cor·</span> <span class='ocrx_word' id='word_1_986' title='bbox 1661 6273 1716 6326; x_wconf 91' lang='lat' dir='ltr'>suls</span> <span class='ocrx_word' id='word_1_987' title='bbox 1741 6273 1860 6338; x_wconf 87' lang='lat' dir='ltr'>partibus</span> <span class='ocrx_word' id='word_1_988' title='bbox 1883 6275 2052 6326; x_wconf 89' lang='lat' dir='ltr'>constitutum</span> <span class='ocrx_word' id='word_1_989' title='bbox 2076 6275 2105 6326; x_wconf 94' lang='grc'>111</span> <span class='ocrx_word' id='word_1_990' title='bbox 2128 6273 2163 6324; x_wconf 87' lang='grc'>95</span> <span class='ocrx_word' id='word_1_991' title='bbox 2183 6273 2208 6326; x_wconf 92' lang='lat' dir='ltr'>d.</span> <span class='ocrx_word' id='word_1_992' title='bbox 2229 6273 2244 6324; x_wconf 91' lang='grc'>4</span> <span class='ocrx_word' id='word_1_993' title='bbox 2261 6303 2299 6312; x_wconf 95' lang='grc'>-</span> 
     </span>
     <span class='ocr_line' id='line_1_60' title="bbox 314 6357 2296 6430; baseline 0.004 -22"><span class='ocrx_word' id='word_1_994' title='bbox 314 6357 378 6408; x_wconf 88' lang='lat' dir='ltr'>Tota</span> <span class='ocrx_word' id='word_1_995' title='bbox 396 6357 507 6408; x_wconf 88' lang='lat' dir='ltr'>essentia</span> <span class='ocrx_word' id='word_1_996' title='bbox 526 6357 651 6420; x_wconf 88' lang='lat' dir='ltr'>temporis</span> <span class='ocrx_word' id='word_1_997' title='bbox 671 6361 708 6408; x_wconf 92' lang='lat' dir='ltr'>est</span> <span class='ocrx_word' id='word_1_998' title='bbox 720 6357 810 6420; x_wconf 90' lang='lat' dir='ltr'>ipsum</span> <span class='ocrx_word' id='word_1_999' title='bbox 824 6369 900 6420; x_wconf 85' lang='grc'>4440,</span> <span class='ocrx_word' id='word_1_1000' title='bbox 914 6369 951 6408; x_wconf 90' lang='lat' dir='ltr'>se·</span> <span class='ocrx_word' id='word_1_1001' title='bbox 988 6363 1135 6424; x_wconf 89' lang='lat' dir='ltr'>ruptionem</span> <span class='ocrx_word' id='word_1_1002' title='bbox 1155 6359 1173 6412; x_wconf 95' lang='lat' dir='ltr'>ll</span> <span class='ocrx_word' id='word_1_1003' title='bbox 1194 6359 1246 6412; x_wconf 90' lang='grc'>194</span> <span class='ocrx_word' id='word_1_1004' title='bbox 1263 6375 1319 6426; x_wconf 82' lang='lat' dir='ltr'>arg.</span> <span class='ocrx_word' id='word_1_1005' title='bbox 1339 6363 1402 6414; x_wconf 80' lang='lat'>3-</span> <span class='ocrx_word' id='word_1_1006' title='bbox 1415 6371 1454 6414; x_wconf 89' lang='lat' dir='ltr'>est</span> <span class='ocrx_word' id='word_1_1007' title='bbox 1467 6363 1623 6426; x_wconf 88' lang='lat' dir='ltr'>principiam</span> <span class='ocrx_word' id='word_1_1008' title='bbox 1663 6363 1800 6428; x_wconf 86' lang='lat' dir='ltr'>Totalitas,</span> <span class='ocrx_word' id='word_1_1009' title='bbox 1821 6375 1888 6428; x_wconf 86' lang='lat' dir='ltr'>quaa</span> <span class='ocrx_word' id='word_1_1010' title='bbox 1909 6361 1971 6414; x_wconf 90' lang='lat' dir='ltr'>dicit</span> <span class='ocrx_word' id='word_1_1011' title='bbox 1994 6375 2085 6414; x_wconf 88' lang='lat' dir='ltr'>veram</span> <span class='ocrx_word' id='word_1_1012' title='bbox 2110 6363 2296 6430; x_wconf 87' lang='lat' dir='ltr'>quantitatem,</span> 
     </span>
     <span class='ocr_line' id='line_1_61' title="bbox 314 6441 2299 6516; baseline 0.003 -18"><span class='ocrx_word' id='word_1_1013' title='bbox 314 6445 430 6498; x_wconf 89' lang='lat' dir='ltr'>cundum</span> <span class='ocrx_word' id='word_1_1014' title='bbox 448 6459 506 6496; x_wconf 89' lang='lat' dir='ltr'>esse</span> <span class='ocrx_word' id='word_1_1015' title='bbox 523 6447 629 6510; x_wconf 87' lang='lat' dir='ltr'>respicit</span> <span class='ocrx_word' id='word_1_1016' title='bbox 647 6447 803 6498; x_wconf 88' lang='lat' dir='ltr'>mutationes</span> <span class='ocrx_word' id='word_1_1017' title='bbox 822 6445 840 6496; x_wconf 98' lang='lat' dir='ltr'>ll</span> <span class='ocrx_word' id='word_1_1018' title='bbox 860 6447 893 6496; x_wconf 89' lang='grc'>43</span> <span class='ocrx_word' id='word_1_1019' title='bbox 913 6441 949 6498; x_wconf 89' lang='grc'>4*.</span> <span class='ocrx_word' id='word_1_1020' title='bbox 988 6449 1161 6514; x_wconf 87' lang='lat' dir='ltr'>corruptionis</span> <span class='ocrx_word' id='word_1_1021' title='bbox 1181 6463 1228 6514; x_wconf 88' lang='lat' dir='ltr'>per</span> <span class='ocrx_word' id='word_1_1022' title='bbox 1246 6451 1352 6502; x_wconf 88' lang='grc'>441166</span> <span class='ocrx_word' id='word_1_1023' title='bbox 1367 6449 1459 6516; x_wconf 60' lang='grc'>4444.</span> <span class='ocrx_word' id='word_1_1024' title='bbox 1476 6451 1623 6516; x_wconf 63' lang='grc'>1944443</span> <span class='ocrx_word' id='word_1_1025' title='bbox 1662 6453 1807 6504; x_wconf 83' lang='grc'>4444444440</span> <span class='ocrx_word' id='word_1_1026' title='bbox 1827 6451 1898 6516; x_wconf 86' lang='lat' dir='ltr'>ponit</span> <span class='ocrx_word' id='word_1_1027' title='bbox 1919 6455 2018 6514; x_wconf 87' lang='lat' dir='ltr'>partem</span> <span class='ocrx_word' id='word_1_1028' title='bbox 2039 6455 2064 6504; x_wconf 90' lang='lat' dir='ltr'>et</span> <span class='ocrx_word' id='word_1_1029' title='bbox 2082 6455 2183 6516; x_wconf 90' lang='lat' dir='ltr'>partem</span> <span class='ocrx_word' id='word_1_1030' title='bbox 2196 6457 2223 6504; x_wconf 91' lang='lat' dir='ltr'>et</span> <span class='ocrx_word' id='word_1_1031' title='bbox 2234 6451 2299 6504; x_wconf 89' lang='lat' dir='ltr'>divi·</span> 
     </span>
     <span class='ocr_line' id='line_1_62' title="bbox 314 6531 1951 6606; baseline 0.004 -20"><span class='ocrx_word' id='word_1_1032' title='bbox 314 6535 345 6586; x_wconf 97' lang='lat' dir='ltr'>lV</span> <span class='ocrx_word' id='word_1_1033' title='bbox 367 6533 416 6586; x_wconf 86' lang='grc'>450</span> <span class='ocrx_word' id='word_1_1034' title='bbox 436 6531 453 6584; x_wconf 94' lang='lat' dir='ltr'>b</span> <span class='ocrx_word' id='word_1_1035' title='bbox 473 6533 558 6586; x_wconf 88' lang='lat' dir='ltr'>-De</span> <span class='ocrx_word' id='word_1_1036' title='bbox 571 6539 689 6598; x_wconf 86' lang='lat' dir='ltr'>tempore</span> <span class='ocrx_word' id='word_1_1037' title='bbox 702 6547 837 6600; x_wconf 79' lang='lat' dir='ltr'>nunquam</span> <span class='ocrx_word' id='word_1_1038' title='bbox 851 6541 890 6588; x_wconf 88' lang='lat' dir='ltr'>est</span> <span class='ocrx_word' id='word_1_1039' title='bbox 902 6535 951 6586; x_wconf 91' lang='lat' dir='ltr'>nisi</span> <span class='ocrx_word' id='word_1_1040' title='bbox 987 6537 1095 6588; x_wconf 87' lang='lat' dir='ltr'>-tacit</span> <span class='ocrx_word' id='word_1_1041' title='bbox 1108 6537 1201 6588; x_wconf 90' lang='lat' dir='ltr'>distare</span> <span class='ocrx_word' id='word_1_1042' title='bbox 1214 6537 1286 6606; x_wconf 82' lang='lat' dir='ltr'>quod</span> <span class='ocrx_word' id='word_1_1043' title='bbox 1301 6543 1338 6590; x_wconf 88' lang='lat' dir='ltr'>est</span> <span class='ocrx_word' id='word_1_1044' title='bbox 1352 6539 1369 6590; x_wconf 98' lang='lat' dir='ltr'>ll</span> <span class='ocrx_word' id='word_1_1045' title='bbox 1384 6539 1416 6588; x_wconf 85' lang='lat'>63</span> <span class='ocrx_word' id='word_1_1046' title='bbox 1432 6535 1468 6590; x_wconf 57' lang='lat'>3³⁶.</span> <span class='ocrx_word' id='word_1_1047' title='bbox 1483 6539 1515 6590; x_wconf 88' lang='grc'>66</span> <span class='ocrx_word' id='word_1_1048' title='bbox 1528 6543 1584 6604; x_wconf 77' lang='lat' dir='ltr'>arg.</span> <span class='ocrx_word' id='word_1_1049' title='bbox 1599 6539 1624 6594; x_wconf 83' lang='grc'>4.</span> <span class='ocrx_word' id='word_1_1050' title='bbox 1661 6537 1951 6594; x_wconf 82' lang='grc'>44041444144411918*</span> 
     </span>
     <span class='ocr_line' id='line_1_63' title="bbox 314 6619 2346 6696; baseline 0.006 -24"><span class='ocrx_word' id='word_1_1051' title='bbox 314 6621 418 6674; x_wconf 89' lang='grc'>444011</span> <span class='ocrx_word' id='word_1_1052' title='bbox 439 6621 471 6672; x_wconf 88' lang='grc'>63</span> <span class='ocrx_word' id='word_1_1053' title='bbox 492 6619 522 6672; x_wconf 67' lang='grc'>44</span> <span class='ocrx_word' id='word_1_1054' title='bbox 992 6627 1039 6678; x_wconf 89' lang='grc'>194</span> <span class='ocrx_word' id='word_1_1055' title='bbox 1059 6627 1150 6690; x_wconf 81' lang='lat' dir='ltr'>arg.3</span> <span class='ocrx_word' id='word_1_1056' title='bbox 1311 6625 1314 6630; x_wconf 88' lang='lat'>&#39;</span> <span class='ocrx_word' id='word_1_1057' title='bbox 1715 6657 1749 6666; x_wconf 92' lang='lat'>-</span> <span class='ocrx_word' id='word_1_1058' title='bbox 1769 6629 2054 6694; x_wconf 86' lang='lat' dir='ltr'>privativeacceptum</span> <span class='ocrx_word' id='word_1_1059' title='bbox 2078 6637 2118 6682; x_wconf 89' lang='lat' dir='ltr'>est</span> <span class='ocrx_word' id='word_1_1060' title='bbox 2144 6631 2217 6696; x_wconf 84' lang='lat' dir='ltr'>quod</span> <span class='ocrx_word' id='word_1_1061' title='bbox 2246 6645 2297 6684; x_wconf 92' lang='lat' dir='ltr'>non</span> <span class='ocrx_word' id='word_1_1062' title='bbox 2344 6627 2346 6632; x_wconf 82' lang='grc'><strong>’</strong></span> 
     </span>
     <span class='ocr_line' id='line_1_64' title="bbox 368 6711 2299 6782; baseline 0.006 -22"><span class='ocrx_word' id='word_1_1063' title='bbox 368 6737 399 6748; x_wconf 50' lang='lat'>*-</span> <span class='ocrx_word' id='word_1_1064' title='bbox 419 6711 952 6778; x_wconf 83' lang='lat' dir='ltr'>estmensurasecnndnmesseimper·</span> <span class='ocrx_word' id='word_1_1065' title='bbox 1040 6727 1176 6766; x_wconf 84' lang='lat' dir='ltr'>-nnum</span> <span class='ocrx_word' id='word_1_1066' title='bbox 1195 6723 1234 6768; x_wconf 89' lang='lat' dir='ltr'>est</span> <span class='ocrx_word' id='word_1_1067' title='bbox 1250 6717 1270 6766; x_wconf 97' lang='lat' dir='ltr'>ll</span> <span class='ocrx_word' id='word_1_1068' title='bbox 1291 6715 1340 6766; x_wconf 89' lang='grc'>369</span> <span class='ocrx_word' id='word_1_1069' title='bbox 1362 6729 1530 6768; x_wconf 86' lang='lat' dir='ltr'>a-annm</span> <span class='ocrx_word' id='word_1_1070' title='bbox 1553 6731 1626 6768; x_wconf 89' lang='lat' dir='ltr'>men·</span> <span class='ocrx_word' id='word_1_1071' title='bbox 1662 6717 1740 6770; x_wconf 83' lang='lat' dir='ltr'>babet</span> <span class='ocrx_word' id='word_1_1072' title='bbox 1758 6717 1943 6782; x_wconf 82' lang='lat' dir='ltr'>partesl333</span> <span class='ocrx_word' id='word_1_1073' title='bbox 1962 6717 1998 6770; x_wconf 90' lang='grc'>4*.</span> <span class='ocrx_word' id='word_1_1074' title='bbox 2018 6719 2093 6772; x_wconf 88' lang='grc'>14195</span> <span class='ocrx_word' id='word_1_1075' title='bbox 2107 6719 2130 6770; x_wconf 92' lang='lat' dir='ltr'>d.</span> <span class='ocrx_word' id='word_1_1076' title='bbox 2146 6717 2250 6772; x_wconf 79' lang='grc'>41141</span> <span class='ocrx_word' id='word_1_1077' title='bbox 2267 6717 2299 6772; x_wconf 88' lang='grc'>9*</span> 
     </span>
     <span class='ocr_line' id='line_1_65' title="bbox 315 6795 2297 6872; baseline 0.007 -28"><span class='ocrx_word' id='word_1_1078' title='bbox 315 6795 409 6850; x_wconf 87' lang='lat' dir='ltr'>tectum</span> <span class='ocrx_word' id='word_1_1079' title='bbox 437 6801 504 6850; x_wconf 87' lang='grc'>4444</span> <span class='ocrx_word' id='word_1_1080' title='bbox 525 6801 675 6862; x_wconf 90' lang='lat' dir='ltr'>potentiali</span> <span class='ocrx_word' id='word_1_1081' title='bbox 696 6797 806 6864; x_wconf 80' lang='lat' dir='ltr'>otorg.</span> <span class='ocrx_word' id='word_1_1082' title='bbox 827 6799 951 6852; x_wconf 85' lang='lat' dir='ltr'>l-ra·</span> <span class='ocrx_word' id='word_1_1083' title='bbox 988 6801 1162 6854; x_wconf 87' lang='lat' dir='ltr'>snratomnie</span> <span class='ocrx_word' id='word_1_1084' title='bbox 1185 6803 1626 6868; x_wconf 60' lang='grc'>444004414411584444486*</span> <span class='ocrx_word' id='word_1_1085' title='bbox 1662 6833 1696 6846; x_wconf 81' lang='lat'><strong>-···</strong></span> <span class='ocrx_word' id='word_1_1086' title='bbox 1716 6807 1900 6872; x_wconf 86' lang='lat' dir='ltr'>privativeest</span> <span class='ocrx_word' id='word_1_1087' title='bbox 1920 6807 1991 6872; x_wconf 83' lang='lat' dir='ltr'>qnod</span> <span class='ocrx_word' id='word_1_1088' title='bbox 2016 6819 2067 6858; x_wconf 91' lang='lat' dir='ltr'>non</span> <span class='ocrx_word' id='word_1_1089' title='bbox 2093 6807 2172 6858; x_wconf 89' lang='lat' dir='ltr'>babet</span> <span class='ocrx_word' id='word_1_1090' title='bbox 2196 6813 2297 6872; x_wconf 88' lang='lat' dir='ltr'>partem</span> 
     </span>
     <span class='ocr_line' id='line_1_66' title="bbox 315 6883 2001 6960; baseline 0.008 -26"><span class='ocrx_word' id='word_1_1091' title='bbox 315 6883 414 6936; x_wconf 90' lang='lat' dir='ltr'>dicatur</span> <span class='ocrx_word' id='word_1_1092' title='bbox 434 6899 582 6950; x_wconf 89' lang='lat' dir='ltr'>superesse</span> <span class='ocrx_word' id='word_1_1093' title='bbox 596 6887 720 6940; x_wconf 83' lang='lat' dir='ltr'>mutabile</span> <span class='ocrx_word' id='word_1_1094' title='bbox 734 6895 759 6940; x_wconf 87' lang='lat' dir='ltr'>et</span> <span class='ocrx_word' id='word_1_1095' title='bbox 772 6889 882 6942; x_wconf 89' lang='lat' dir='ltr'>liuidum</span> <span class='ocrx_word' id='word_1_1096' title='bbox 895 6891 951 6942; x_wconf 89' lang='lat' dir='ltr'>slve</span> <span class='ocrx_word' id='word_1_1097' title='bbox 986 6917 1021 6928; x_wconf 95' lang='lat'>-</span> <span class='ocrx_word' id='word_1_1098' title='bbox 1041 6891 1193 6942; x_wconf 88' lang='lat' dir='ltr'>continuum</span> <span class='ocrx_word' id='word_1_1099' title='bbox 1211 6897 1251 6944; x_wconf 90' lang='lat' dir='ltr'>est</span> <span class='ocrx_word' id='word_1_1100' title='bbox 1268 6895 1417 6946; x_wconf 89' lang='lat' dir='ltr'>commanis</span> <span class='ocrx_word' id='word_1_1101' title='bbox 1442 6905 1563 6944; x_wconf 88' lang='lat' dir='ltr'>mensura</span> <span class='ocrx_word' id='word_1_1102' title='bbox 1587 6909 1626 6948; x_wconf 87' lang='lat' dir='ltr'>re·</span> <span class='ocrx_word' id='word_1_1103' title='bbox 1664 6901 1735 6948; x_wconf 85' lang='grc'>4444</span> <span class='ocrx_word' id='word_1_1104' title='bbox 1754 6901 1854 6960; x_wconf 89' lang='lat' dir='ltr'>partem</span> <span class='ocrx_word' id='word_1_1105' title='bbox 1874 6897 1880 6948; x_wconf 99' lang='lat' dir='ltr'>l</span> <span class='ocrx_word' id='word_1_1106' title='bbox 1901 6895 1952 6946; x_wconf 84' lang='lat'>356</span> <span class='ocrx_word' id='word_1_1107' title='bbox 1975 6893 2001 6946; x_wconf 90' lang='grc'>1*</span> 
     </span>
    </p>
   </div>
   <div class='ocr_carea' id='block_1_6' title="bbox 2287 7057 2315 7076">
    <p class='ocr_par' dir='ltr' id='par_1_14' title="bbox 2287 7057 2315 7076">
     <span class='ocr_line' id='line_1_67' title="bbox 2287 7057 2315 7076; baseline 0 -2"><span class='ocrx_word' id='word_1_1108' title='bbox 2287 7057 2315 7076; x_wconf 63' lang='grc' dir='ltr'><em>Ι</em></span> 
     </span>
    </p>
   </div>
   <div class='ocr_carea' id='block_1_7' title="bbox 0 0 2900 8389">
    <p class='ocr_par' dir='ltr' id='par_1_15' title="bbox 0 0 2900 8389">
     <span class='ocr_line' id='line_1_68' title="bbox 0 0 2900 8389; baseline 0 0"><span class='ocrx_word' id='word_1_1109' title='bbox 0 0 2900 8389; x_wconf 95' lang='lat' dir='ltr'> </span> 
     </span>
    </p>
   </div>
  </div>
 </body>
</html>
