5784 8384
890 783 957 836 altili
1345 711 1487 780 TABULA
1509 713 1862 784 Guuanaxlsaattutt
2243 807 2313 858 ltlUT
2533 717 2597 784 949

608 875 692 926 466666
711 871 792 922 614646
812 867 940 946 mundum
960 875 987 922 64
1004 873 1095 936 plures
1119 883 1143 928 64
1163 891 1244 930 unum
1284 885 1333 935 ciat
1353 887 1459 938 actualis
1478 889 1611 942 existentia
1631 889 1798 956 quarundam
1825 891 1922 956 speria
1961 867 2599 956 ratusest,b0mineiactomortali,etdebetme·

609 957 824 1020 9999199199199
845 953 990 1008 91193119ίῖ·
1283 983 1341 1020 rum
1362 975 1588 1042 imperiectarum,
1607 993 1676 1044 46466
1695 977 1842 1042 666666466
1862 987 1920 1032 sunt
1960 981 2058 1046 liorari,
2080 985 2184 1034 bomine
2200 983 2268 1034 iacto
2280 983 2419 1034 immortali
2438 981 2472 1034 lV
2486 981 2537 1032 886
2550 981 2598 1034 43

661 1071 696 1082 -
714 1041 741 1092 16
761 1039 934 1103 productione
962 1047 1077 1098 universi
1106 1059 1145 1104 est
1163 1057 1246 1106 mani·
1284 1059 1382 1110 tantum
1403 1061 1428 1110 iu
1442 1063 1590 1116 rationibus
1608 1065 1779 1118 seminalibus
1796 1067 1838 1118 vel
1852 1069 1875 1118 46
1890 1069 1921 1118 si·
2011 1097 2049 1106 -
2066 1071 2225 1122 Universum
2243 1071 2390 1122 secuudum
2417 1083 2475 1122 esse
2498 1083 2601 1134 perma-

608 1131 707 1182 lestatio
728 1127 810 1178 divini
827 1129 987 1194 exemplaris
1003 1139 1030 1184 et
1048 1133 1170 1192 bonitatis
1188 1141 1243 1206 1464,
1283 1143 1336 1194 mlii
1356 1143 1389 1198 ib.
1410 1145 1438 1198 6*
1961 1169 2025 1208 nens
2042 1165 2083 1210 est
2101 1163 2259 1224 perpetuum
2290 1159 2305 1212 6
2336 1159 2387 1212 663
2416 1173 2484 1210 a..
2504 1159 2598 1224 figura

609 1219 669 1284 quia
689 1221 729 1266 0⁵¹
750 1213 885 1278 (19999919
914 1221 1088 1286 9991919199]
1117 1227 1246 1292 complete
1335 1233 1485 1288 —dicitur
1503 1239 1921 1300 periectosvclsecundantesse
1960 1245 2050 1298 mundi
2072 1245 2203 1308 transibit,
2219 1253 2245 1300 ut
2262 1247 2324 1298 dicit
2341 1249 2493 1300 exteriorem
2514 1247 2600 1300 reila-

608 1307 807 1366 repraesentans
833 1301 897 1354 illud
917 1307 1050 1372 exemplar
1067 1311 1085 1362 ll
1107 1311 1157 1362 463
1178 1329 1191 1366 6
1210 1341 1246 1354 -
1284 1327 1449 1384 permanens,
1466 1323 1506 1374 661
1520 1323 1665 1376 decurrens
1683 1327 1700 1376 ll
1721 1329 1772 1380 387
1791 1341 1814 1380 6.
1829 1327 1878 1380 478
1892 1329 1922 1380 3*
1959 1329 2025 1380 64646
2045 1331 2103 1380 6466
2120 1331 2340 1396 pulcritudinem,
2366 1335 2409 1386 rel
2433 1335 2598 1398 fragilitatem

609 1391 705 1442 Totum
733 1389 885 1440 universum
913 1401 1090 1456 repraesentat
1117 1399 1199 1450 Deum
1220 1403 1245 1452 in
1283 1427 1316 1436 —
1337 1401 1461 1458 96646666
1489 1411 1605 1462 66466664
1631 1413 1779 1466 secundum
1802 1427 1861 1468 esse
1879 1415 1923 1468 dc·
1959 1415 2112 1468 1149934*

610 1473 723 1544 quadam
749 1475 872 1526 totalitate
898 1479 1013 1532 sensibili
1043 1483 1061 1532 ll
1088 1483 1140 1534 336
1166 1485 1194 1536 6*
1212 1513 1247 1522 -
1284 1497 1392 1540 currens
1411 1495 1527 1546 consistit
1541 1499 1564 1548 ia
1581 1499 1753 1560 productione
1773 1515 1861 1554 rerum
1874 1517 1923 1566 per
2013 1531 2048 1540 --
2068 1505 2222 1556 melioratur
2239 1511 2264 1558 et
2283 1507 2423 1560 innovatur
2441 1511 2475 1560 tv
2486 1511 2539 1562 999
2550 1513 2592 1562 ii

611 1567 636 1616 16
654 1561 803 1614 6666444666
828 1563 922 1614 466664
953 1569 1132 1620 manifestatur
1158 1571 1247 1622 divina
1286 1579 1434 1636 temporum
1456 1579 1599 1632 decursum
1619 1585 1669 1636 sibi
1688 1589 1883 1640 succedentium
1904 1593 1923 1642 ll
1959 1591 2124 1644 —Hominc
2146 1593 2295 1656 meliorare,
2313 1593 2393 1646 66664
2416 1597 2526 1650 66641464·
2543 1599 2600 1650 6664

610 1651 722 1716 66466446
743 1655 767 1698 64
785 1651 909 1710 sapientia
931 1661 1248 1716 tempercreaturasno-
1284 1657 1335 1708 387
1355 1673 1369 1710 6
1387 1687 1424 1698 -
1442 1663 1478 1714 Ex
1496 1667 1661 1722 ordinatione
1684 1677 1857 1728 successionis
1879 1689 1924 1728 eo·
1960 1677 1993 1728 lll
2012 1677 2062 1728 989
2084 1679 2100 1728 l.
2119 1679 2144 1728 3.
2165 1681 2217 1730 996
2243 1682 2260 1731 1.
2289 1681 2310 1742 4,
2333 1681 2357 1732 6.
2375 1683 2428 1734 999
2448 1685 2466 1734 l.
2488 1685 2508 1746 l,
2530 1685 2544 1736 3
2564 1713 2601 1724 -

609 1739 676 1792 91199
703 1749 782 1800 ouans
815 1737 900 1788 191995
930 1737 1028 1792 9991199
1055 1749 1080 1794 91
1113 1745 1197 1806 magis
1222 1747 1247 1796 ¹¹¹
1284 1755 1343 1794 999
1364 1759 1431 1810 (1999
1450 1761 1498 1812 664
1516 1757 1633 1818 tempora
1663 1757 1817 1826 decurrunt,
1846 1765 1924 1814 resul·
1961 1772 2091 1828 purgatus
2114 1767 2196 1818 66446
2218 1767 2367 1820 641664666
2388 1769 2530 1822 delendum
2555 1773 2600 1826 bo·

610 1821 732 1880 ⁰m¹¹¹¹³¹¹5
752 1823 828 1874 *ΠΜ*
848 1825 876 1876 ¹¹¹
896 1827 930 1876 38
950 1823 980 1878 5*
1285 1833 1470 1896 19196666664
1491 1839 1595 1890 66446446
1623 1844 1772 1904 pulcritudo
1796 1855 1819 1900 64
1839 1849 1925 1914 66646·
1962 1851 2058 1902 minem
2087 1857 2221 1904 vetustum
2247 1861 2274 1906 et
2293 1869 2376 1908 66666
2405 1857 2523 1908 bomines
2542 1871 2600 1922 pro·

661 1939 698 1950 ···
715 1911 786 1962 9⁰⁰³
807 1911 986 1966 5101999999]
1000 1915 1249 1982 91919999491919·
1285 1917 1335 1968 ⁰¹¹⁰
1355 1917 1374 1968 ¹¹
1392 1917 1446 1970 38¹
1465 1935 1481 1970 9
1499 1935 1539 1986 sq.
1559 1923 1642 1978 3876
1664 1933 1874 1986 -Universum
1892 1951 1924 1990 ex
1961 1935 2103 2002 creandos,
2124 1941 2283 2004 purgabitur
2299 1941 2361 2006 igne
2388 1943 2422 1994 ad
2441 1951 2524 1998 totum
2544 1959 2599 1998 mc·

609 2001 689 2052 ritum
707 1997 861 2062 praeficeret
880 2001 950 2052 omni
970 2005 1074 2066 corpori
1087 2003 1105 2052 ll
1121 2003 1249 2058 alea-
1285 2007 1449 2056 successione
1479 2019 1568 2060 rerum
1588 2013 1729 2070 decoratur
1747 2019 1764 2070 li
1787 2019 1836 2070 463
1858 2037 1926 2072 a·-
1962 2023 2109 2076 liorandum
2128 2033 2154 2078 et
2173 2029 2197 2078 in
2220 2027 2353 2080 meliorem
2371 2031 2464 2082 taciem
2484 2047 2601 2084 commu·

609 2101 660 2140 non
681 2085 861 2138 estanimatus
880 2089 897 2140 ll
918 2087 968 2140 3i8
987 2089 1013 2142 b.
1031 2091 1083 2142 367
1103 2091 1176 2144 b—
1193 2105 1250 2144 me·
1284 2097 1439 2144 venustatur
1469 2097 1544 2160 quasi
1574 2109 1681 2150 carmen
1717 2105 1924 2166 pulcherrimum
1962 2109 2070 2160 tandum
2092 2113 2123 2160 lv
2142 2113 2193 2166 976
2216 2115 2353 2166 6*-··1)66
2369 2117 2458 2180 ignem
2474 2121 2600 2172 elementa

609 2173 1044 2244 4446664466646446666464646611
1064 2177 1152 2232 3486
1285 2179 1401 2244 quodam
1423 2179 1535 2232 decursu
1564 2191 1713 2250 temporum
1735 2191 1822 2242 14346
1842 2193 1872 2244 9*
1888 2221 1925 2234 -
1962 2193 2165 2258 depurabuntur
2182 2205 2208 2250 64
2228 2203 2283 2252 laex
2303 2203 2393 2256 464446
2413 2203 2541 2258 inlernum
2565 2207 2601 2258 tv

616 2301 618 2304 -
662 2289 699 2302 -
718 2263 874 2316 Universum
887 2265 1032 2318 secundum
1046 2267 1176 2334 quasdam
1190 2283 1250 2334 par·
1286 2265 1444 2318 Universum
1456 2271 1632 2334 esttanquam
1647 2275 1856 2336 pulcherrimum
1868 2295 1926 2330 car·
1961 2279 2013 2330 978
2035 2279 2117 2332 3*-
2135 2283 2250 2348 Corpora
2270 2289 2602 2358 elementariapurgabun·

610 2357 649 2404 tes
660 2349 741 2406 66664
753 2365 810 2402 6666
824 2355 1156 2420 6664666666,666666646
1172 2369 1249 2422 quas·
1286 2365 1362 2418 mea,
1388 2353 1461 2418 quod
1492 2355 1606 2408 decurrit
1636 2361 1782 2412 secundum
1812 2367 1926 2428 optimas
1962 2369 2018 2430 tur,
2041 2369 2195 2422 caelestibus
2215 2385 2279 2424 vero
2301 2375 2440 2438 augebitur
2459 2379 2547 2430 lumen
2566 2379 2601 2430 iv

611 2439 671 2490 dam
693 2455 757 2492 vero
774 2453 832 2492 csse
850 2439 995 2494 decurrens
1012 2441 1031 2494 ll
1052 2443 1251 2496 iti3a-Uni-
1285 2443 1468 2492 consonantias
1493 2443 1572 2494 1786
1591 2443 1610 2496 b
1629 2471 1664 2480 -
1683 2447 1729 2496 liei
1748 2451 1872 2512 sapientia
1891 2453 1926 2502 ei·
1963 2451 2013 2502 979
2035 2451 2335 2520 3*-purgabnuret
2360 2463 2527 2516 innovabitur
2553 2481 2601 2530 per

610 2529 679 2580 versi
709 2535 796 2594 partes
822 2529 861 2580 vel
881 2537 942 2580 sunt
959 2535 1156 2594 permanentes,
1184 2533 1250 2584 sicut
1286 2529 1391 2580 ilcacius
1409 2529 1587 2580 manifestatur
1618 2545 1665 2596 per
1691 2535 1812 2586 ordinem
1830 2539 1857 2586 in
1884 2537 1927 2590 de·
1962 2537 2052 2600 ignem
2078 2549 2137 2602 post
2166 2545 2292 2596 iodicium
2319 2547 2352 2596 lV
2380 2549 2432 2598 989
2450 2549 2469 2600 6
2488 2577 2523 2590 -·
2542 2559 2602 2616 post

610 2621 702 2668 natura
720 2613 912 2680 intellectualis,
934 2617 1079 2682 rationalis,
1092 2619 1211 2670 caelestis
1223 2625 1250 2670 et
1285 2629 1363 2668 cursu
1384 2615 1476 2668 muudi
1496 2631 1575 2682 quem
1594 2619 1621 2670 46
1640 2619 1695 2670 6616
1719 2623 1775 2672 6466
1795 2625 1926 2676 existentia
1962 2629 2181 2678 resurrectionem
2198 2633 2248 2682 erit
2265 2631 2291 2680 in
2310 2635 2410 2694 optima
2429 2633 2600 2700 dispositione

609 2703 785 2764 elementaris,
806 2703 847 2754 661
868 2707 1044 2768 transeuntes,
1068 2709 1095 2754 ut
1113 2707 1155 2756 bic
1168 2707 1249 2758 bomo
1286 2703 1305 2754 ll
1325 2703 1377 2754 996
1397 2703 1416 2754 4.
1436 2703 1450 2754 3
1963 2709 1998 2762 lv
2015 2711 2062 2762 994
2087 2715 2105 2764 l.
2123 2715 2138 2764 3

610 2799 636 2842 64
654 2789 697 2842 646
714 2801 800 2856 equus
828 2791 837 2840 l
866 2787 918 2852 784
939 2789 956 2842 b
974 2793 1107 2844 -babet
1135 2793 1248 2858 partium
1339 2817 1374 2826 -
1392 2791 1461 2842 Dens
1481 2793 1774 2856 poteratiaccrealium
1796 2799 1926 2850 mundum
2016 2825 2053 2838 -
2077 2803 2237 2866 archetypus
2262 2811 2303 2854 664
2328 2805 2355 2856 46
2382 2813 2471 2858 mente
2497 2809 2601 2876 646466,

610 2877 804 2928 multitudinem
824 2877 998 2930 differentium
1018 2893 1141 2944 numero,
1160 2881 1249 2944 speeie
1286 2879 1421 2930 meliorem
1442 2885 1569 2946 quantum
1589 2881 1623 2934 ad
1651 2885 1776 2934 essentias
1796 2887 1926 2952 partium,
1964 2897 2044 2948 quem
2072 2889 2194 2950 exprimit
2223 2889 2337 2942 mundus
2366 2893 2494 2946 sensibilis
2522 2895 2540 2946 ΙΙ
2567 2897 2600 2946 39

611 2971 637 3018 64
656 2979 752 3030 genere
772 2963 801 3014 lll
822 2963 853 3014 38
875 2979 943 3014 6-
962 2965 1040 3016 babet
1059 2971 1249 3030 partescaren·
1286 2967 1399 3016 6414666
1419 2967 1506 3030 ipsum
1526 2967 1662 3020 meliorem
1691 2977 1715 3022 64
1736 2973 1863 3024 66464646
1888 2985 1927 3024 se·
1962 2985 2018 3036 arg.
2040 2973 2112 3024 3-
2129 2973 2258 3028 6666464146
2286 2977 2400 3028 imitatur
2423 2981 2602 3046 archetypum,

611 3061 649 3108 466
668 3053 724 3104 6446
740 3059 766 3102 64
783 3051 884 3102 ratione
902 3057 927 3102 et
947 3065 1023 3104 66666
1042 3051 1104 3104 teia.
1286 3051 1402 3104 cundum
1423 3059 1592 3122 quantitatem
1617 3063 1641 3108 et
1670 3059 1792 3108 virtutem
1813 3057 1891 3112 1789
1910 3075 1926 3112 6
1963 3059 2010 3112 666
2030 3059 2064 3112 66
2082 3075 2116 3112 eo
2134 3061 2251 3114 66664411
2272 3061 2306 3114 46
2324 3063 2354 3114 3*
2371 3091 2408 3102 -
2426 3065 2532 3132 aliquae
2546 3081 2604 3132 par·

594 3171 616 3206 ρ
664 3169 701 3178 -
720 3139 870 3192 Secundum
885 3139 986 3206 aliquos
1000 3141 1036 3192 soi
1057 3147 1095 3192 664
1113 3143 1140 3192 46
1159 3141 1248 3194 medio
1285 3141 1413 3218 -idem
1430 3157 1538 3196 manens
1567 3159 1618 3198 non
1647 3151 1731 3210 potest
1754 3147 1809 3198 lieri
1835 3149 1927 3200 melior
1963 3153 2003 3198 tes
2027 3149 2118 3200 mundi
2146 3163 2269 3214 magnam
2300 3149 2394 3202 babent
2413 3153 2560 3206 distantiam
2585 3171 2601 3206 a

610 3229 748 3282 mundiet
767 3233 834 3278 terra
862 3229 889 3278 in
915 3229 1007 3280 intimo
1034 3229 1068 3280 lV
1095 3229 1148 3282 994
1167 3229 1251 3282 6*-·-
1286 3231 1377 3296 quoad
1396 3233 1521 3284 essentias
1539 3235 1669 3296 partium,
1698 3235 1745 3286 666
1769 3237 1858 3300 quoad
1883 3249 1927 3288 66·
1963 3237 2064 3288 mundo
2081 3239 2224 3302 archetypo
2249 3243 2274 3288 64
2302 3239 2527 3292 assimilanturrie
2547 3243 2602 3294 166·

610 3321 769 3372 Universum
796 3321 837 3368 est
863 3315 1010 3368 orbiculare
1032 3319 1065 3372 tv
1091 3319 1143 3372 996
1168 3315 1198 3372 6*
1215 3347 1252 3356 —-
1286 3333 1346 3372 rum
1376 3321 1583 3384 magnitudinem
1612 3327 1638 3374 et
1660 3323 1783 3374 virtutem
1810 3321 1872 3376 ibid.
1889 3351 1926 3362 -
1962 3323 2064 3390 ginquo
2082 3333 2110 3376 ut
2129 3327 2268 3390 vestigium
2288 3325 2316 3376 ill
2335 3327 2369 3376 38
2387 3341 2412 3394 6,
2432 3325 2458 3378 4*

611 3403 1250 3458 Omnesorbesmoventurcircaceutrummundi
1289 3407 1376 3460 tunes
1394 3413 1558 3462 transeuntes
1581 3415 1708 3474 quantum
1728 3411 1761 3462 66
1781 3413 1927 3476 proprieta—
2015 3437 2052 3450 -
2069 3413 2151 3462 maior
2171 3413 2256 3476 magis
2272 3413 2432 3464 assimilatur
2449 3415 2550 3468 mundo
2564 3431 2602 3468 ar-

610 3489 1251 3548 llibla-Centrumetcircumlercntiamundi
1288 3501 1326 3546 466
1345 3503 1373 3548 ut
1392 3497 1416 3546 in
1438 3495 1559 3560 pluribus
1578 3505 1689 3560 possunt
1706 3497 1761 3550 lieri
1780 3500 1926 3552 melioresl
1962 3499 2077 3562 cbetypo
2096 3513 2178 3564 quam
2196 3501 2282 3550 minor
2310 3501 2454 3564 extensive,
2481 3501 2526 3554 666
2556 3505 2601 3554 mi-

609 3597 744 3648 6666666
766 3585 874 3646 6666664
893 3583 993 3634 moveri
1013 3583 1031 3636 ll
1050 3583 1136 3636 3446
1287 3581 1340 3634 784
1358 3581 1377 3634 6
1397 3611 1431 3620 -
1451 3585 1537 3636 Partes
1558 3591 1760 3650 permanentes,
1780 3599 1847 3650 quae
1868 3591 1927 3638 sont
1963 3597 2013 3636 nor
2030 3585 2118 3648 magis
2144 3587 2272 3638 intensive
2300 3587 2327 3636 lll
2356 3589 2388 3638 38
2416 3585 2444 3638 4*
2468 3589 2599 3642 -Ordo

665 3699 701 3710 -
720 3681 772 3722 aon
791 3675 831 3722 664
852 3669 908 3720 6466
926 3669 1032 3722 homine
1052 3671 1071 3722 ll
1091 3671 1119 3722 94
1144 3673 1161 3724 l.
1181 3673 1197 3726 3
1216 3701 1251 3710 -
1287 3669 1322 3720 de
1340 3671 1522 3724 constitutione
1549 3675 1575 3722 64
1592 3673 1739 3736 integritate
1764 3673 1866 3738 muudi,
1885 3671 1927 3724 ab·
1963 3673 2077 3734 partium
2106 3675 2132 3724 in
2159 3675 2334 3726 microcosmo
2363 3675 2419 3726 6466
2450 3675 2475 3726 46
2506 3677 2599 3728 minori

612 3763 708 3814 Totum
728 3759 1251 3824 universumlaetumestproptercrea-
1287 3759 1372 3810 solute
1391 3763 1501 3822 possunt
1529 3759 1626 3810 babere
1652 3759 1816 3812 conditiones
1837 3761 1927 3810 melio·
1964 3759 2065 3810 mundo
2082 3759 2223 3824 respondet
2243 3759 2326 3812 ordini
2355 3763 2466 3822 partium
2498 3765 2520 3812 iu
2552 3777 2604 3814 ma·

612 3857 697 3904 turam
717 3849 870 3902 rationalem
891 3849 918 3900 lll
938 3847 972 3900 37
991 3847 1044 3900 ni
1287 3863 1344 3916 res,
1366 3849 1413 3900 sed
1432 3849 1531 3902 ratione
1551 3849 1609 3900 linis
1634 3851 1675 3900 vel
1695 3849 1793 3902 ordinis
1813 3849 1844 3902 ad
1866 3851 1929 3902 inri-¹
1964 3847 2013 3898 4664
2032 3847 2134 3898 mondo
2160 3847 2180 3898 ll
2208 3849 2260 3898 336
2288 3861 2344 3910 arg.
2365 3849 2434 3898 3-
2453 3849 2536 3900 Homo
2564 3855 2603 3900 est

634 4003 636 4008 ,
665 3965 701 3978 ·-
721 3937 845 3990 Perleetio
863 3937 979 3988 universi
999 3935 1142 3990 attenditur
1160 3939 1185 3988 46
1199 3951 1251 3990 am·
1287 3951 1344 3990 cem
1364 3939 1478 4002 optimas
1498 3935 1595 3990 666664
1614 3935 1675 3990 ibid.
1695 3965 1728 3976 -—
1748 3939 1834 4004 Quare
1859 3939 1929 3990 Deus
1964 3935 2051 3986 minor
2070 3933 2186 3984 mundus
2203 3939 2229 3984 64
2248 3931 2325 3984 66664
2337 3933 2437 3984 babere
2456 3937 2599 3988 naturalem

611 4027 738 4092 plitudine
758 4023 886 4090 ambitus,
912 4025 936 4076 in
966 4025 1118 4076 sufficientia
1139 4023 1249 4092 ordinis,
1288 4039 1340 4078 non
1360 4027 1449 4078 iecerit
1467 4023 1596 4078 arandum
1626 4025 1770 4092 meliorem,
1788 4031 1829 4078 est
1849 4039 1929 4092 quae·
1964 4021 2173 4074 conformitatem
2196 4021 2229 4074 66
2252 4023 2379 4072 maiorem
2401 4023 2601 4090 mondum‚qui

611 4119 638 4168 in
657 4115 789 4168 influentia
816 4113 954 4180 bonitatis,
983 4113 1134 4180 exprimens
1151 4115 1176 4164 in
1197 4113 1250 4166 Deo
1287 4115 1337 4166 6446
1354 4113 1512 4166 466644666146
1532 4113 1539 4164 l
1559 4113 1611 4164 783
1632 4111 1660 4164 l*
1965 4115 2074 4174 propter
2091 4121 2153 4160 eum
2174 4109 2258 4160 iactus
2275 4113 2315 4158 664
2332 4107 2352 4158 ll
2371 4107 2424 4158 746
2443 4109 2526 4174 argi

611 4205 798 4272 perlectionem
829 4203 971 4266 potentiae,
999 4203 1142 4266 sapientiae
1162 4209 1187 4256 ct
1206 4203 1251 4254 bo·
1340 4199 1794 4266 -estpertecussunussecuudum
1809 4199 1929 4254 ordinem
2018 4197 2249 4260 Ἠ6646616664
2275 4195 2437 4248 mundanam
2465 4209 2601 4250 conversa·

611 4293 697 4346 nitatis
716 4293 735 4346 ll
755 4289 788 4342 49
805 4305 821 4342 6
841 4317 876 4330 -
894 4289 972 4344 debet
990 4291 1089 4344 babere
1109 4291 1251 4344 multitudi·
1287 4297 1455 4356 naturarum,
1482 4305 1531 4344 nec
1556 4297 1643 4354 664664
1660 4289 1800 4354 6661664466
1820 4291 1929 4342 ratione·
1965 4285 2073 4350 tionem,
2095 4283 2235 4336 damnatur
2249 4285 2273 4334 46
2289 4283 2439 4348 Scripturas,
2451 4291 2476 4334 et
2495 4285 2531 4336 sie
2551 4297 2602 4336 non

611 4395 673 4434 nem
691 4393 792 4446 rerum,
812 4385 928 4434 6166664
946 4383 972 4432 in
989 4393 1023 4434 66
1040 4381 1106 4434 6666
1124 4385 1150 4434 64
1168 4383 1250 4444 perie-
1286 4379 1372 4434 biliter
1391 4381 1500 4444 cogitari
1522 4379 1537 4430 ii
1557 4379 1592 4430 96
1611 4393 1668 4444 arg.
1689 4379 1705 4432 3
1723 4407 1760 4418 -
1778 4377 1848 4430 Ordo
1869 4393 1926 4444 par·
1964 4371 2061 4424 dicitur
2079 4385 2137 4424 asse
2156 4385 2169 4422 a
2191 4371 2259 4436 Dee,
2279 4371 2327 4422 sed
2347 4371 2517 4434 9461664966
2534 4385 2603 4422 crea·

567 4527 568 4530 ,
613 4467 858 4534 644641493*,4*
886 4497 922 4508 -
950 4471 1058 4534 Propter
1081 4467 1200 4522 ordinem
1224 4471 1249 4520 in
1287 4471 1352 4522 tium
1371 4469 1398 4520 iu
1417 4471 1542 4522 universo
1561 4467 1650 4534 quoad
1669 4473 1758 4532 partes
1779 4469 1881 4532 primas
1902 4471 1927 4518 et
1965 4465 2051 4512 loram
2072 4459 2232 4512 mundanam
2254 4461 2271 4510 ll
2290 4459 2325 4510 96
2344 4455 2374 4508 4*

612 4559 714 4614 mundo
731 4567 865 4612 creaturae
886 4557 982 4610 nabent
1007 4557 1198 4610 distinctionem
1226 4563 1250 4610 64
1287 4557 1470 4610 substantiales
1488 4567 1528 4610 est
1545 4557 1662 4622 optimus
1680 4563 1707 4608 et
1724 4555 1926 4608 immutabilisli
2019 4549 2104 4600 nouus
2122 4575 2157 4586 -—
2175 4545 2269 4598 Omnia
2287 4545 2604 4598 bonanostrasuutmu-

612 4649 767 4714 positionem
787 4647 932 4700 seeundum
947 4647 1046 4710 gradus
1058 4645 1247 4710 perlectionem
1287 4645 1340 4698 786
1358 4659 1373 4698 6
1394 4671 1429 4684 -
1448 4647 1535 4698 Partes
1559 4643 1742 4710 corruptibiles
1769 4647 1792 4696 64
1811 4649 1926 4696 66466466
1965 4649 2027 4688 6666
2047 4637 2091 4688 1464
2111 4635 2145 4686 tv
2161 4635 2214 4686 764
2233 4635 2261 4686 6.
2281 4635 2295 4684 6
2316 4659 2351 4672 -
2370 4647 2385 4686 6
2403 4647 2532 4700 manu,a
2558 4635 2603 4686 lin·

558 4719 560 4724 ⁵
612 4737 638 4790 11-
650 4737 684 4790 77
704 4753 719 4790 6
737 4743 819 4790 -ut
839 4737 870 4788 641
899 4735 1042 4800 perlectus,
1071 4733 1169 4788 debent
1191 4749 1249 4788 6666
1287 4731 1407 4784 66661646
1430 4737 1572 4796 potueruut
1599 4731 1694 4782 melius
1711 4731 1828 4782 ordinari
1846 4741 1925 4794 quam
1964 4737 2016 4788 gua
2035 4731 2061 4776 64
2079 4737 2093 4776 6
2112 4721 2195 4776 66666
2213 4721 2247 4774 lV
2267 4719 2355 4772 659b

613 4827 712 4892 gradus
731 4827 853 4878 bonitatis
870 4823 981 4878 ordinati
996 4821 1143 4876 secundum
1157 4821 1250 4876 distan-
1287 4827 1362 4886 suat,
1377 4821 1424 4872 666
1437 4821 1465 4870 46
1477 4819 1602 4872 664644666
1615 4819 1649 4870 66
1663 4815 1741 4870 linem
1755 4823 1815 4870 sunt
1828 4819 1926 4880 optime
2018 4811 2124 4864 Musteus
2148 4837 2183 4848 -·
2210 4810 2283 4862 aliter
2309 4809 2382 4860 novit
2405 4809 2601 4860 consonantiam

611 4913 819 4970 446466146611
840 4913 872 4966 17
891 4911 921 4964 9*
1092 4949 1094 4954 .
1288 4909 1421 4962 ordinatae
1433 4905 1590 4960 466-46
1604 4905 1706 4958 466666
1718 4907 1831 4970 perlecta
1844 4905 1933 4956 64446·
1964 4911 2043 4964 quam
2064 4899 2149 4950 bonus
2167 4893 2334 4950 citharoedus
2353 4895 2387 4946 lV
2407 4893 2457 4946 496
2476 4895 2538 4946 63

615 5037 616 5040 =
665 5001 756 5056 -66
779 5005 843 5070 666,
861 5001 933 5070 quod
952 5003 1106 5054 universum
1127 5001 1161 5052 644
1178 5013 1250 5052 com·
1288 4997 1482 5062 periculosum
1501 4995 1601 5060 optime
1626 4989 1926 5046 6664664617896.41
2018 4985 2145 5036 64644666
2162 5011 2199 5024 -
2216 4995 2293 5034 omne
2315 4981 2449 5034 666664466
2461 4981 2494 5032 66
2508 4983 2603 5032 immu-

612 5093 728 5160 pletum,
755 5105 864 5146 necesse
891 5097 930 5144 664
959 5091 1065 5154 reperiri
1094 5089 1251 5142 diiierentias
1289 5085 1341 5138 533
1361 5081 1389 5136 i*
1409 5111 1442 5122 -—
1461 5083 1617 5136 Universum
1637 5079 1779 5134 exordiae
1801 5079 1927 5144 pulcritu·
1965 5067 2601 5140 991194991919199199111999919999178

613 5187 792 5236 creaturarum
810 5181 957 5232 secundum
986 5181 1125 5244 perlectam
1151 5177 1250 5232 combi-
1289 5175 1376 5226 dinem
1405 5169 1498 5238 babet,
1527 5183 1596 5238 quae
1623 5169 1695 5220 nullo
1723 5167 1803 5220 modo
1828 5165 1925 5220 ioedari
1964 5159 1990 5214 6.
2007 5153 2603 5212 l—abimmutabiiiortumbabetlliia-

613 5275 743 5324 nationem
763 5269 888 5322 114684.
910 5267 1037 5322 9-Αά
1064 5267 1249 5334 perlectionem
1289 5259 1480 5328 66466411848
1499 5259 1571 5310 b·-
1590 5257 1656 5310 Nibil
1684 5259 1710 5308 in
1738 5257 1863 5308 universo
1890 5259 1928 5310 est
1965 5243 2603 5300 Ν11911911199119599931119999949999]9880

612 5361 729 5412 universi
757 5359 845 5412 decuit
871 5357 927 5410 6664
956 5369 1061 5410 omnem
1088 5361 1248 5420 creaturam,
1289 5349 1479 5414 inordinatum,
1498 5347 1621 5412 66646646
1646 5347 1677 5396 644
1705 5343 1881 5396 inordinatum
1901 5343 1926 5394 in
1966 5333 2265 5398 646499149194919911θ
2287 5337 2313 5382 91
2341 5329 2419 5382 flium
2440 5329 2460 5382 ¹¹
2479 5327 2530 5380 ⁸⁶¹
2549 5327 2601 5378 ¹3

614 5465 715 5518 quasa
738 5455 806 5502 recta
832 5449 931 5502 ratione
960 5447 1044 5512 potuit
1067 5445 1209 5510 excogitari
1235 5445 1251 5496 ll
1289 5455 1332 5506 66,
1352 5439 1413 5506 quia
1433 5427 1926 5498 441664666664666664664114674.4
1965 5451 1999 5464 ·-
2016 5427 2237 5486 cognoscuntura
2252 5419 2304 5470 1466
2319 5415 2521 5478 immutabiliter,
2535 5427 2604 5466 com·

614 5541 666 5594 639
685 5538 702 5592 i.
725 5541 795 5592 9-
813 5537 1057 5602 tid-perlectionem
1077 5535 1196 5586 universi·
1214 5547 1250 5586 rc·
1343 5553 1377 5568 -
1396 5525 1468 5580 Ordo
1487 5535 1575 5576 rerum
1596 5523 1620 5574 in
1641 5523 1720 5574 linem
1737 5525 1778 5572 est
1795 5519 1926 5584 perlectis·
1967 5511 2154 5580 prehendenda
2172 5521 2265 5562 omnes
2281 5515 2472 5558 motuseorum
2492 5505 2500 5556 l
2521 5501 2603 5556 6946

614 5631 725 5696 quiritur
737 5625 878 5680 substantia
895 5625 1053 5690 corporalis,
1073 5623 1214 5688 spiritualis
1227 5625 1251 5674 et
1289 5619 1384 5682 simae,
1405 5599 1518 5666 maxime
1538 5613 1562 5664 in
1583 5609 1779 5674 comparatione
1805 5607 1840 5658 ad
1858 5607 1928 5658 ordl-
1967 5629 2000 5640 -
2019 5601 2102 5652 Deum
2120 5611 2178 5650 esse
2198 5595 2365 5654 initiabilem,
2386 5595 2423 5644 08¹
2443 5589 2604 5654 impossibile

614 5719 758 5784 composita
776 5715 796 5768 Il
814 5713 843 5766 44
868 5715 884 5766 1.
903 5715 930 5766 9.
948 5713 982 5766 49
1000 5727 1014 5764 6
1035 5709 1251 5778 -Aiiquaedit-
1290 5707 1399 5760 nemin
1427 5703 1552 5756 universo
1571 5701 1579 5752 l
1598 5697 1650 5752 786
1670 5697 1687 5750 6
1708 5727 1740 5736 -
1760 5697 1788 5748 46
1806 5697 1925 5748 ordinem
1966 5687 1999 5744 46.
2020 5687 2075 5742 46
2100 5685 2161 5740 Vide
2182 5685 2214 5738 V·
2231 5685 2302 5736 Delii
2324 5677 2371 5736 20·

612 5807 736 5860 terentiae
753 5817 844 5856 rerum
869 5811 930 5856 sunt
957 5803 991 5856 66
1020 5801 1178 5866 portentione
1197 5801 1251 5850 uni·
1288 5795 1322 5850 ad
1342 5795 1419 5846 linem
1438 5797 1465 5844 64
1483 5793 1507 5842 46
1527 5789 1653 5844 universo
1671 5787 1928 5838 utconiunctosnou
2021 5779 2135 5830 liorauo
2153 5799 2189 5814 -
2213 5769 2357 5824 seeundum
2387 5769 2496 5820 iormam
2526 5777 2604 5828 repu-

612 5895 683 5948 versi
700 5893 868 5958 simpliciter,
885 5891 929 5944 vel
942 5891 1028 5944 solum
1043 5889 1188 5942 seeundum
1203 5893 1251 5940 sta-
1290 5889 1374 5952 potest
1392 5881 1487 5934 666646
1506 5877 1671 5932 deordinatio
1690 5875 1696 5926 Ι
1717 5873 1768 5926 786
1788 5873 1814 5938 6,
1835 5871 1863 5926 9*
1967 5863 2219 5950 69949949119199,
2238 5859 2347 5910 m⁰¹i¹¹⁰
2375 5853 2521 5908 Sflfflfldffln
2539 5857 2604 5904 *θη*

613 5987 669 6036 tum
687 5983 721 6036 tv
741 5979 834 6034 9966*
853 6007 888 6018 -
908 5979 1173 6032 Ditierentiaererum
1191 5979 1251 6028 sim·
1342 6000 1378 6012 —
1395 5971 1554 6024 Universum
1574 5981 1606 6018 cx
1631 5965 1795 6030 oppositione
1814 5961 1875 6014 maii
1895 5961 1928 6012 66
1967 5969 2017 6022 pus
2036 5949 2191 6014 aeternitati,
2213 5947 2320 6000 mutatio
2344 5941 2488 6042 seeundum
2514 5939 2601 5992 locum

612 6073 712 6138 pliciter
732 6069 887 6136 perfectivae
908 6075 968 6120 sunt
988 6067 1019 6120 66
1039 6069 1184 6132 integritate
1196 6067 1251 6118 uni·
1289 6063 1388 6114 bonum
1409 6061 1548 6112 decoratur
1575 6057 1651 6122 quasi
1679 6051 1839 6120 quibusdam
1866 6051 1929 6103 anti·
1967 6039 2131 6096 immensitati
2160 6039 2168 6090 l
2198 6035 2247 6088 467
2275 6033 2395 6128 6-46
2414 6041 2466 6078 666
2484 6039 2542 6124 esse
2567 6037 2604 6120 66·

611 6163 682 6214 versi
707 6157 768 6216 46444.
797 6183 833 6196 -
860 6153 976 6220 Corpora
1004 6155 1174 6220 completiora
1199 6167 1250 6206 non
1289 6151 1365 6204 466446
1382 6149 1402 6200 ll
1421 6147 1473 6198 639
1493 6145 1509 6198 4.
1530 6147 1545 6198 3
1563 6171 1599 6182 -
1617 6141 1776 6194 Universum
1789 6143 1857 6192 esset
1870 6151 1929 6202 per·
1967 6131 2082 6186 cundum
2102 6133 2188 6178 aetum
2213 6129 2237 6174 64
2264 6123 2406 6184 99999949
2421 6119 2470 6212 ,934
2487 6125 2513 6162 ¹¹¹
2532 6123 2603 6162 ⁰¹¹¹¹¹¹

613 6249 725 6302 666466
749 6245 838 6300 ultima
867 6243 1025 6310 perfectione
1052 6243 1182 6306 universi,
1202 6243 1250 6294 nisi
1289 6241 1383 6292 lectum
1404 6235 1575 6290 etdeoorum
1597 6223 1880 6282 siaemalis1333b
1967 6225 2084 6272 creatura
2102 6227 2151 6278 per
2168 6201 2604 6308 naturam,sedtollrturoergra·

613 6339 689 6390 simul
716 6333 829 6390 babeant
858 6333 1080 6394 incorruptionem
1109 6331 1251 6382 durationis
1341 6353 1377 6366 ·-·
1395 6325 1475 6376 babet
1492 6335 1537 6374 664
1556 6323 1653 6372 6646466
1671 6317 1695 6366 46
1717 6319 1784 6366 statu
1799 6311 1928 6376 praesenti
1968 6307 2058 6360 tultam
2084 6293 2337 6354 conservationcml
2363 6289 2412 6340 466
2430 6285 2449 6384 b
2468 6291 2559 6382 'sea
2579 6297 2603 6334 tn

612 6423 645 6480 46,
667 6423 696 6478 5*
1289 6413 1435 6470 seeundum
1454 6411 1602 6474 proiectum
1621 6405 1656 6456 ad
1675 6403 1785 6468 gloriam
1803 6403 1828 6450 64
1847 6399 1871 6448 46
1885 6411 1929 6448 co·
1967 6393 2037 6448 omni
2056 6391 2105 6440 nisi
2123 6389 2150 6436 iu
2169 6395 2202 6436 eo
2221 6379 2292 6478 6666
2310 6385 2350 6428 664
2368 6385 2475 6426 omnmo
2493 6369 2604 6470 6666164

665 6507 1251 6572 -Plenitudoaaturacestqoantumadre·
1289 6505 1404 6570 gnitione
1423 6501 1456 6552 tv
1478 6495 1527 6550 864
1549 6495 1573 6548 6.
1604 6495 1619 6546 3
1647 6519 1683 6528 ·-
1709 6491 1811 6540 Aetates
1837 6485 1928 6536 mundi
1968 6479 2046 6534 1463
2064 6475 2092 6528 6.
2111 6473 2127 6522 6
2145 6499 2181 6510 -
2199 6464 2303 6532 Aliquid
2323 6469 2490 6560 exltemporc
2511 6459 2604 6556 646466

612 6615 672 6656 rum
689 6601 903 6656 conditionemel
918 6591 1156 6658 multiplicationem
1174 6593 1200 6644 lli
1216 6593 1251 6644 33
1289 6605 1340 6644 non
1360 6591 1464 6642 luerunt
1483 6583 1600 6650 aequalis
1618 6579 1708 6644 spatii,
1736 6573 1782 6626 scd
1802 6573 1827 6624 ln
1848 6571 1930 6636 quali·
1967 6569 1999 6620 66
2018 6567 2071 6616 1466
2090 6573 2142 6658 non
2162 6561 2270 6622 11191419Γ
2282 6555 2451 6658 mmmmm?
2471 6547 2564 6656 swan:
2578 6559 2603 6596 ¹¹¹

611 6691 685 6746 b·-
703 6691 825 6744 Primaria
845 6683 971 6750 perfectio
996 6681 1110 6732 universi
1137 6681 1251 6732 consistit
1288 6677 1333 6732 bet
1352 6675 1449 6744 aliquid
1471 6683 1571 6726 norum
1591 6673 1617 6720 64
1635 6667 1722 6730 aliqua
1742 6659 1876 6714 renovatio
1895 6657 1930 6708 la·
1967 6657 2038 6720 ipso,
2057 6647 2104 6700 sed
2123 6659 2150 6696 46
2169 6649 2288 6696 creatura
2307 6639 2315 6688 Ι
2336 6637 2386 6688 52¹2
2408 6633 2444 6686 ¹·
2465 6631 2517 6684 ⁶¹5
2536 6631 2550 6684 ¹

612 6781 781 6846 incompleta
797 6773 930 6828 existentia
944 6769 1132 6834 principiorum
1144 6773 1169 6818 et
1180 6781 1252 6820 com·
1288 6773 1327 6820 cta
1347 6771 1386 6816 est
1403 6761 1466 6816 4166.
2019 6739 2123 6790 6464666
2140 6759 2176 6770 -·
2193 6731 2276 6780 Amor
2294 6731 2402 6776 mutnus
2414 6729 2453 6774 esi
2467 6721 2605 6800 99799994

611 6861 966 6934 9191099999109999199919
985 6851 1157 6918 93879493
1174 6853 1251 6904 5*-
1340 6879 1376 6892 -
1396 6849 1566 6902 Turbulentia
1586 6849 1626 6894 est
1643 6843 1669 6892 in
1696 6833 1798 6888 mundo
1823 6835 1931 6898 propter
1968 6839 2048 6894 quam
2067 6819 2205 6874 rellexusl
2228 6813 2277 6866 494
2297 6815 2311 6864 l.
2335 6813 2358 6864 4.
2381 6813 2428 6864 499
2449 6811 2466 6864 i.
2486 6809 2512 6876 3,
2534 6809 2605 6860 b·-

580 6959 581 6964 ’
612 6957 651 7010 Ad
672 6957 783 7022 primam
799 6949 913 7004 universi
928 6945 1112 7014 perlectionem
1127 6955 1178 6994 non
1191 6955 1251 7004 spe·
1287 6945 1425 7006 peccatum
1444 6937 1558 6990 bominis
1587 6931 1620 6982 tv
1649 6925 1701 6978 996
1726 6925 1752 6976 6.
1772 6925 1788 6974 9
1807 6947 1842 6960 -
1861 6919 1930 6984 1999·
1968 6919 2049 6966 99104
2058 6917 2166 6964 ¹¹¹⁰¹¹¹¹¹⁵
2176 6913 2214 6960 ²⁵¹
2224 6917 2272 6972 ΡΒ*
2283 6899 2481 6954 'ibeffl'imeml
2499 6897 2599 6950 ΜΗ
