5784 8384
534 629 596 696 262
1358 621 1473 688 INDEX
1499 621 1691 688 SECUNDUS

825 711 894 764 HOM
2159 711 2223 762 ΗΥΡ

531 803 630 858 122762
650 805 721 858 0-
740 801 800 854 mali
820 805 845 852 22
857 799 966 866 superbi
980 801 1068 864 potius
1081 799 1171 852 volunt
1210 797 1262 850 262
1289 797 1320 850 6*
1346 825 1382 838 -
1408 797 1573 864 quadruplex
1599 797 1655 850 Deo
1685 795 1788 850 debitus
1816 797 1848 848 Ν
1887 797 2001 850 minatur
2018 801 2109 852 natura
2130 813 2214 866 aquea
2235 797 2254 852 ll
2271 795 2526 864 antemissas

530 893 639 948 subesse
664 891 771 944 diabolo
797 901 879 956 quam
902 887 995 940 02212
1020 887 1065 940 262
1091 885 1119 936 2*
1137 915 1172 942 ,-
1208 885 1308 938 3662*
1887 911 1920 922 ·-
1940 885 2080 952 aliquando
2100 887 2161 942 dicit
2181 887 2369 954 proprietatem
2389 891 2523 954 corporis,

530 983 612 1034 voluit
631 981 684 1032 Deo
704 977 841 1032 assimilari
860 989 891 1030 ex
909 989 1019 1030 excessu
1037 987 1171 1040 praesum·
1262 963 1349 1026 Hunno
1370 1001 1404 1012 -
1422 975 1563 1026 canonicae
1581 975 1711 1026 institutae
1736 977 1797 1026 sunt
1815 971 1848 1024 ad
1886 971 2026 1038 aliquando
2053 975 2225 1030 substantiam
2254 973 2305 1026 sub
2330 975 2374 1026 tali
2396 975 2483 1028 iorma
2507 976 2526 1028 ll

530 1071 606 1120 tionis
625 1068 653 1120 lll
674 1067 702 1118 22
727 1065 756 1118 2*
774 1091 810 1104 --
829 1065 896 1116 iuste
913 1065 961 1116 luit
973 1063 1107 1116 subiectus
1121 1063 1171 1114 dia·
1208 1063 1358 1116 continuam
1384 1061 1487 1112 laudem
1515 1061 1560 1112 liei
1583 1065 1608 1112 et
1633 1059 1665 1112 26
1685 1059 1848 1114 exulandum
1887 1059 1938 1110 328
1956 1073 2019 1110 a·-
2031 1063 2104 1114 venit
2123 1065 2238 1118 aradice
2251 1063 2284 1116 ad
2298 1061 2525 1116 ramosivsiub

530 1155 603 1220 bolo,
623 1167 684 1208 cum
699 1169 726 1206 22
740 1153 884 1206 induxisset
901 1153 927 1204 in
940 1153 1094 1204 servitutem
1113 1163 1172 1218 pec·
1210 1149 1377 1202 devotionem
1396 1149 1428 1202 Ν
1450 1149 1501 1200 288
1520 1149 1548 1202 6.
1568 1149 1584 1200 6
1940 1173 1973 1182 —-
1992 1147 2098 1212 dicitur,
2113 1159 2191 1216 prout
2207 1161 2248 1208 est
2260 1153 2285 1204 in
2306 1151 2380 1204 venis
2397 1151 2433 1204 Ν
2445 1153 2525 1206 0082

531 1243 622 1296 catilli
643 1239 738 1296 2236.
760 1241 784 1308 3,
806 1239 833 1292 2.
851 1239 903 1292 232
922 1239 949 1290 6.
968 1239 978 1290 2
1002 1267 1038 1278 -
1062 1251 1110 1304 per
1135 1251 1171 1290 re·
1262 1239 1486 1290 3222222222-
1500 1235 1847 1290 doceturaChristoremu·
1885 1263 1920 1274 -·
1943 1233 2120 1290 immediatius
2142 1243 2303 1294 constituunt
2324 1253 2423 1306 corpus
2444 1253 2524 1308 quam

531 1329 669 1384 bellionem
689 1329 861 1384 sensualitatis
880 1327 989 1380 brutalis
1012 1329 1123 1380 allicitur
1141 1329 1172 1380 sie
1209 1325 1327 1380 neraudo
1344 1341 1403 1380 eam
1422 1327 1450 1378 in
1468 1325 1604 1390 discipulis
1623 1325 1651 1376 222
1670 1325 1721 1378 822
1743 1323 1771 1380 3*
1884 1323 2011 1376 elementa
2030 1323 2065 1378 Ν
2084 1325 2136 1378 007
2154 1327 2173 1380 2.
2194 1329 2202 1380 2
2220 1343 2322 1382 -non
2340 1335 2401 1382 sunt
2420 1329 2452 1382 de
2465 1329 2525 1382 sub·

530 1419 598 1472 milis
623 1417 712 1470 bestiis
733 1417 751 1470 ll
771 1415 822 1468 588
842 1431 865 1468 a.
885 1413 937 1468 726
958 1413 986 1466 3*
1004 1443 1039 1454 -
1058 1415 1086 1468 02
1103 1417 1173 1466 simi·
1262 1415 1353 1466 62222
1384 1443 1417 1452 -
1441 1413 1504 1466 Vide
1533 1413 1564 1464 V.
1592 1413 1848 1470 Eucherium-nc·
1885 1415 1976 1466 stantia
1995 1415 2127 1482 corporis,
2145 1415 2193 1468 sed
2211 1419 2310 1470 iaciunt
2334 1419 2370 1470 ad
2387 1419 2526 1484 plenitudi-

532 1507 564 1560 lis
589 1507 677 1560 bestiis
703 1509 831 1574 quantum
854 1503 889 1556 ad
914 1511 1029 1556 mentem
1047 1517 1096 1568 per
1114 1515 1172 1568 pec·
1209 1499 1332 1556 22622222.
1344 1529 1381 1542 -
1394 1503 1524 1554 leccatori
1542 1517 1593 1554 non
1607 1509 1646 1558 est
1664 1503 1752 1558 danda
1765 1507 1847 1560 hostia
1886 1515 1947 1554 nem
1964 1509 1990 1556 et
2007 1503 2182 1568 integritatem
2199 1505 2235 1558 Ν
2254 1505 2305 1556 008
2324 1507 2340 1558 i.
2362 1507 2390 1572 5,
2409 1523 2435 1574 a,
2451 1505 2479 1558 2*
2492 1535 2527 1548 -

533 1601 618 1648 catum
640 1596 658 1647 ll
678 1593 729 1646 273
749 1593 776 1644 d.
796 1593 821 1644 2.
1051 1631 1052 1634 ,
1210 1603 1262 1644 non
1280 1593 1431 1644 consecrata
1447 1591 1478 1644 Ν
1499 1593 1550 1644 222
1571 1589 1598 1644 6*
1886 1591 2028 1656 disponunt
2052 1591 2085 1644 ad
2111 1593 2236 1644 vitamet
2259 1599 2405 1646 restaurant
2430 1609 2526 1662 corpus

585 1709 618 1720 -
638 1681 750 1736 debebat
769 1679 875 1742 subiici,
896 1685 923 1734 ui
936 1695 984 1746 per
998 1681 1170 1734 humilitatem
1262 1679 1402 1732 Huurnxras
1420 1707 1455 1716 -
1479 1679 1586 1748 dicitur,
1612 1689 1691 1747 prout
1714 1689 1755 1734 cst
1776 1689 1845 1734 extra
1886 1679 1918 1730 Ν
1939 1677 1989 1730 007
2009 1681 2026 1730 2.
2046 1681 2075 1746 3,
2096 1679 2122 1734 2.
2142 1681 2194 1732 908
2212 1679 2251 1748 3*,
2270 1677 2301 1732 2*
2315 1683 2395 1734 -Ex
2414 1685 2526 1736 humore

532 1771 701 1824 subiectionis
719 1771 871 1824 ascenderet
891 1769 963 1824 unde
980 1769 1090 1836 angelus
1108 1771 1171 1822 ceci·
1208 1781 1289 1820 venas
1308 1767 1341 1820 Ν
1360 1769 1411 1820 008
1432 1785 1447 1822 2
1465 1795 1503 1808 ·-·
1520 1777 1560 1824 est
1583 1771 1704 1824 radicalis
1726 1777 1753 1824 et
1769 1771 1848 1822 nutri·
1886 1767 2022 1832 coagulato
2041 1781 2089 1832 per
2108 1773 2228 1824 naturam
2247 1767 2274 1822 02
2298 1781 2394 1836 corpus
2420 1773 2524 1836 organi·

534 1859 607 1912 derat
626 1873 674 1924 per
698 1857 885 1912 sublimitatem
911 1857 1029 1910 elationis
1046 1857 1066 1932 ll
1086 1855 1170 1908 2202
1209 1857 1329 1908 mentalis
1346 1857 1364 1908 ll
1385 1857 1436 1910 730
1455 1857 1482 1912 b.
1512 1859 1564 1913 736
1587 1875 1602 1912 2
1622 1867 1714 1914 -est
1739 1857 1844 1922 triplex,
1885 1856 1983 1908 cumll
2004 1857 2055 1908 376
2075 1855 2113 1910 2*.
2132 1857 2178 1910 382
2201 1873 2225 1912 a.
2246 1857 2274 1910 lll
2293 1857 2327 1910 70
2348 1857 2408 1912 [23

530 1975 565 1986 -
585 1953 693 2012 propter
712 1947 810 2012 peccati
839 1947 963 1998 meritum
981 1949 1022 1998 est
1045 1947 1109 1998 inira
1130 1959 1171 1998 res
1209 1957 1276 2010 quae
1294 1945 1429 1998 reducitur
1448 1947 1480 2000 ad
1500 1947 1682 2002 humiditatem
1704 1929 1846 1998 nutrimen·
1938 1973 1972 1984 -
2001 1947 2049 2000 Per
2076 1949 2201 2004 humores
2231 1949 2428 2014 distinguuntur
2453 1961 2526 2004 com-

530 2033 664 2088 sensihiles
684 2037 717 2088 Ν
736 2037 771 2088 30
790 2033 817 2088 6.
837 2035 851 2084 8
871 2063 906 2072 -
925 2035 1026 2086 ratione
1043 2035 1170 2100 perversi·
1208 2033 1285 2086 talem
1304 2039 1330 2088 et
1348 2037 1581 2100 complexionalem
1598 2037 1633 2088 Ν
1650 2037 1735 2088 0082
1757 2059 1791 2072 -
1810 2037 1848 2084 222
1885 2031 2018 2098 plexiones
2042 2037 2076 2088 Ν
2095 2037 2146 2088 007
2166 2039 2186 2090 2.
2208 2039 2223 2090 2
2243 2065 2278 2076 -
2297 2039 2415 2104 conponis
2441 2037 2527 2104 dispo·

532 2125 588 2176 tatis
605 2125 632 2176 in
652 2137 735 2188 poena
762 2121 899 2176 subiicitur
925 2123 1040 2174 interiori
1061 2137 1108 2188 per
1127 2137 1172 2176 ua·
1208 2121 1329 2176 radicalis
1345 2131 1371 2178 et
1385 2125 1467 2178 iluens
1479 2131 1507 2178 et
1523 2127 1638 2178 refluens
1650 2127 1706 2174 tum
1724 2125 1845 2184 respectu
1886 2129 1950 2176 nunt
1966 2121 2001 2174 ad
2023 2121 2143 2178 divorsas
2168 2125 2318 2178 affectiones
2336 2129 2454 2192 animae,
2478 2127 2524 2180 sed

533 2217 617 2264 iuram
640 2211 717 2264 2262
733 2209 811 2262 6*-
823 2215 893 2262 recte
911 2209 1048 2264 subiicitur
1065 2213 1171 2264 exterio·
1209 2213 1360 2278 nutritivae,
1382 2221 1436 2268 tum
1462 2215 1629 2278 generativae
1648 2211 1667 2262 ll
1694 2211 1746 2262 730
1771 2209 1788 2260 0
1808 2223 1846 2276 22.
1886 2223 1936 2262 222
1955 2213 2103 2266 2222222222
2123 2212 2212 2264 22363
2234 2213 2259 2266 0.
2279 2213 2331 2266 362
2351 2213 2380 2268 2*

530 2299 603 2353 22022
612 2299 693 2352 robus
704 2301 727 2352 22
739 2301 927 2364 sacramentis,
942 2301 1009 2352 sicut
1021 2313 1048 2352 se
1062 2299 1171 2354 subiecit
1210 2301 1262 2354 732
1280 2301 1298 2354 0
1318 2329 1352 2342 -
1371 2301 1491 2354 22022202
1505 2301 1637 2352 concurrit
1648 2299 1681 2352 ad
1702 2299 1847 2364 generatio-
1938 2299 2098 2352 Hroeaouux
2118 2327 2153 2340 -
2171 2307 2241 2354 tenet
2258 2301 2378 2354 medium
2393 2303 2460 2356 inter
2480 2305 2524 2358 du·

530 2391 554 2440 in
570 2393 676 2454 peccato
689 2389 723 2442 Ν
736 2387 787 2442 663
802 2386 973 2442 22-22222
985 2389 1122 2444 2202222222
1132 2405 1172 2444 re·
1208 2403 1269 2442 nem
1287 2391 1369 2456 prolis
1388 2391 1407 2442 ll
1426 2389 1477 2442 730
1497 2389 1515 2442 0
1533 2401 1575 2454 sq.
1588 2381 1641 2440 Ι702
1665 2385 1695 2440 2*
1712 2413 1749 2424 -
1766 2387 1847 2438 nutri·
1885 2387 1945 2438 liam
1964 2395 1990 2442 22
2003 2389 2103 2440 latriam
2119 2391 2147 2442 lll
2161 2391 2212 2442 207
2226 2389 2343 2442 b-est
2358 2391 2428 2444 dulia
2440 2395 2523 2446 maior

529 2477 581 2530 022
590 2477 758 2532 sensibilibus
768 2480 813 2529 aut
819 2481 926 2542 propter
934 2481 1170 2546 peccatimeritum,
1208 2481 1328 2532 mentalis
1340 2479 1451 2544 respicit
1466 2481 1563 2530 statum
1582 2483 1606 2530 et
1625 2475 1794 2540 indigentiam
1814 2475 1845 2528 Ν
1886 2475 1914 2526 222
1936 2475 1986 2528 206
2006 2489 2070 2528 2-
2082 2475 2194 2530 debetur
2212 2477 2306 2532 beatae
2318 2479 2420 2546 Virgini
2433 2485 2460 2532 22
2473 2481 2523 2534 022-

530 2571 575 2618 222
593 2565 1018 2634 propterbcipracceptum,aut
1036 2571 1171 2636 quiasnnt
1208 2567 1260 2618 008
1278 2565 1499 2618 a-Humidum
1511 2565 1625 2616 radicale
1644 2565 1769 2629 paulatim
1787 2577 1846 2618 eon·
1886 2565 1916 2616 tri
1937 2563 1982 2616 Dei
2003 2561 2073 2630 20222,
2098 2563 2127 2616 2*

529 2657 628 2722 gratiae
647 2657 719 2722 signa
738 2651 773 2708 Ν
791 2655 826 2706 30
846 2655 872 2708 d.
893 2657 906 2708 8
926 2685 963 2696 -
980 2671 1032 2712 non
1051 2655 1170 2710 6202222
1208 2657 1320 2706 sumitur
1339 2667 1388 2708 nec
1405 2659 1491 2718 potest
1507 2655 1623 2718 reparari
1636 2667 1685 2718 per
1703 2651 1846 2720 quodcum·
1938 2653 2100 2706 Hrrocairae
2119 2681 2153 2694 -
2171 2655 2197 2706 22
2216 2655 2292 2722 signo
2309 2655 2428 2708 exteriori
2441 2663 2523 2712 osten·

527 2743 608 2798 rebus
626 2747 719 2798 creatis
737 2743 880 2812 subiicere,
894 2747 926 2798 ito
947 2751 975 2798 ut
994 2747 1072 2798 ineis
1091 2751 1171 2810 ponat
1208 2757 1261 2810 que
1279 2745 1429 2796 alimentum
1450 2743 1468 2794 ll
1488 2741 1539 2794 270
1559 2757 1584 2796 2.
1601 2733 1653 2794 736
1673 2757 1689 2796 a
1706 2769 1742 2782 ···-
1760 2743 1846 2796 Humi·
1885 2739 1962 2808 dunt,
1982 2757 2010 2794 se
2027 2755 2085 2796 esse
2104 2741 2201 2808 bonos,
2214 2749 2241 2796 et
2259 2745 2368 2796 interius
2388 2745 2523 2810 replentur

529 2835 649 2886 ultimum
674 2835 754 2888 ilnem
778 2829 842 2888 2026.
860 2863 895 2874 *-
915 2847 967 2888 non
986 2835 1067 2888 dehet
1086 2835 1170 2886 humi·
1208 2833 1272 2884 dum
1291 2831 1472 2886 nutrimentale
1491 2829 1689 2884 restaurabatur
1702 2845 1750 2898 per
1768 2845 1846 2886 omne
1885 2831 1980 2884 malitia
2001 2831 2029 2884 lll
2051 2829 2102 2884 822
2121 2829 2149 2884 3*
2169 2859 2204 2870 —·
2222 2833 2335 2886 exterius
2349 2835 2522 2898 praetendunt

527 2923 583 2976 liari
601 2923 651 2976 sub
670 2929 804 2988 creatura,
824 2929 853 2976 ut
871 2937 887 2976 a
905 2937 958 2988 qua
976 2921 1053 2976 detur
1072 2923 1169 2976 salusl
1208 2923 1308 2988 lignum
1328 2921 1455 2988 paradisi,
1473 2919 1588 2974 radicale
1601 2935 1665 2974 vero
1686 2935 1734 2986 per
1746 2921 1845 2988 lignum
1885 2921 2044 2974 sanctitatem
2063 2927 2089 2974 et
2106 2921 2132 2974 in
2150 2919 2232 2976 corde
2245 2925 2348 2988 portant
2361 2923 2522 2988 iniquitatem

528 3011 579 3064 262
599 3009 627 3066 6*
646 3041 680 3050 -
700 3025 752 3064 non
776 3013 861 3076 potest
889 3025 947 3064 esse
970 3009 1104 3062 subiectus
1129 3025 1170 3062 ne·
1208 3011 1276 3062 vitae
1294 3009 1329 3062 Ν
1347 3009 1400 3062 662
1419 3009 1449 3060 2*
1885 3009 1917 3062 Ν
1937 3009 1983 3060 322
2009 3009 2032 3062 d.
2048 3009 2112 3060 3-
2125 3013 2282 3066 constituunt
2302 3009 2351 3064 sibi
2372 3009 2522 3066 62220222

530 3101 644 3152 cessario
667 3099 809 3152 influxibus
837 3097 956 3150 siderum
982 3099 1170 3166 22363222.
1261 3125 1295 3138 -
1313 3099 1458 3150 Humidum
1474 3099 1708 3162 propriotermino
1726 3099 1845 3154 estmale
1884 3097 2521 3166 ethabentcordivisnm11887a-Hypocri-

528 3213 562 3228 -
581 3187 718 3240 subiicitur
745 3187 831 3250 astris,
849 3187 875 3238 in
905 3191 1033 3252 quantum
1051 3189 1170 3252 sequitur
1208 3185 1372 3238 terminabile
1391 3187 1410 3238 ll
1430 3185 1480 3238 366
1501 3185 1557 3240 6.2
1885 3187 1920 3238 222
1938 3183 2074 3238 abscondit
2098 3191 2205 3252 peccata
2232 3185 2264 3240 Ν
2284 3185 2335 3240 686
2356 3185 2385 3240 2*
2401 3215 2438 3228 -
2455 3195 2522 3242 ento·
2543 3239 2544 3242 ,

527 3277 663 3342 passiones
681 3277 702 3327 ll
721 3273 774 3326 362
793 3271 822 3324 2*
1259 3275 1396 3328 02222222
1412 3299 1450 3312 -
1466 3279 1520 3326 tam
1538 3277 1646 3328 auectus
1669 3289 1750 3342 quam
1774 3275 1845 3330 intel·
1884 3273 1939 3324 2222
1955 3279 2056 3326 tantum
2084 3273 2171 3326 dolent
2190 3273 2223 3326 Ν
2247 3273 2298 3326 373
2319 3273 2347 3325 2*
2365 3303 2399 3314 ·-
2423 3277 2522 3342 lingen-

578 3363 771 3416 Houoannetrxs
792 3389 829 3402 -
846 3367 888 3414 est
910 3363 1008 3430 unitas,
1028 3377 1097 3430 quae
1115 3377 1169 3416 ma·
1206 3363 1287 3416 lectus
1305 3363 1385 3416 habet
1402 3365 1528 3416 rationem
1548 3365 1653 3416 virtutis
1671 3363 1700 3414 lli
1719 3363 1770 3416 288
1789 3365 1808 3418 2.
1829 3365 1844 3418 6
1884 3363 1922 3414 222
1935 3363 2120 3426 poenitentiam
2134 3369 2243 3426 peccant
2261 3361 2398 3428 dupliciter
2416 3365 2449 3418 Ν
2470 3367 2515 3420 322

527 3459 570 3504 net
587 3453 665 3506 simul
689 3453 715 3504 ln
733 3453 847 3504 dirersis
866 3453 885 3504 ll
908 3453 958 3504 200
976 3449 995 3504 0
1015 3479 1051 3492 -·
1070 3453 1170 3506 Homo·
1204 3475 1240 3490 -
1259 3453 1407 3504 Humiliatio
1419 3453 1565 3504 intellectus
1577 3459 1616 3504 est
1628 3451 1773 3506 admodum
1790 3453 1845 3508 lau·
1884 3449 1908 3504 6.
1929 3451 1945 3504 3
1964 3479 1999 3488 —
2018 3449 2104 3516 Fama,
2126 3465 2205 3518 quam
2218 3457 2345 3518 appetunt
2357 3455 2521 3522 hypocritae,

527 3553 641 3606 geneum
659 3547 699 3592 est
716 3537 835 3594 eiusdem
854 3545 963 3594 naturae
981 3541 1007 3592 in
1027 3545 1081 3594 toto
1098 3547 1125 3594 et
1142 3543 1167 3594 22
1205 3539 1290 3594 62262
1310 3541 1340 3594 222
1359 3541 1410 3592 620
1430 3541 1457 3594 d.
1477 3542 1486 3591 2
1505 3549 1669 3608 -estpars
1688 3543 1799 3596 iustitiae
1812 3545 1844 3598 Ν
1884 3553 1934 3592 222
1953 3545 1993 3594 222
2010 3539 2048 3592 222
2063 3553 2190 3606 magnum
2206 3539 2308 3594 bonnm
2326 3541 2361 3594 Ν
2380 3543 2468 3596 6620
2487 3573 2522 3586 .-

526 3627 647 3696 partibus
665 3629 699 3682 Ν
719 3629 770 3680 233
792 3643 848 3694 arg.
870 3627 885 3680 2
904 3655 942 3668 —·
959 3631 1083 3682 materiae
1106 3629 1169 3684 dicit
1207 3629 1299 3682 3222.
1321 3627 1373 3682 326
1398 3645 1411 3680 2
1437 3657 1472 3668 -
1495 3629 1632 3684 reducitur
1649 3631 1684 3684 ad
1706 3629 1842 3698 iustitiam,
1883 3631 1928 3696 qui
1952 3629 2048 3682 iaciunt
2071 3641 2139 3694 opus
2156 3635 2265 3696 propter
2293 3629 2401 3696 gloriam
2431 3647 2520 3698 suam,

527 3717 660 3786 quandam
679 3715 1002 3782 unitatempossibilitatis
1020 3719 1038 3770 ll
1058 3719 1104 3770 202
1130 3735 1143 3772 2
1205 3723 1233 3772 22
1252 3717 1354 3772 2262222
1369 3721 1503 3772 hominem
1517 3719 1550 3772 ad
1564 3733 1592 3772 se
1605 3721 1694 3786 ipsum
1707 3721 1736 3774 222
1749 3721 1795 3774 722
1816 3719 1844 3774 2*
1883 3719 2036 3782 receperunt
2060 3717 2210 3772 mercedem
2236 3731 2311 3772 snam
2336 3717 2370 3772 Ν
2388 3719 2440 3774 366
2458 3723 2477 3774 2.
2497 3721 2520 3774 2.

579 3807 722 3860 2222222222
740 3833 776 3846 -
794 3805 857 3858 dicit
879 3809 1104 3872 comparationem
1130 3823 1168 3862 es·
1256 3835 1292 3846 -
1317 3807 1380 3880 dicit
1402 3807 1513 3876 aliquid,
1541 3807 1618 3876 quod
1639 3815 1678 3862 est
1703 3809 1844 3864 allectionis
1883 3805 1934 3858 378
1958 3807 1984 3858 6.
2003 3803 2020 3856 7
2036 3831 2073 3846 -
2090 3807 2242 3872 Hypoerisis
2264 3805 2422 3872 prohibetur
2440 3811 2522 3876 impli-

527 3897 624 3948 sentiae
644 3895 676 3948 ad
696 3909 822 3960 personas
840 3897 849 3948 l
868 3895 920 3948 686
941 3895 959 3948 b
1204 3897 1236 3950 Ν
1257 3897 1309 3950 326
1328 3911 1342 3950 2
1360 3911 1467 3950 -non
1485 3897 1568 3950 estin
1592 3897 1709 3948 rationali
1727 3897 1791 3952 2026.
1811 3927 1843 3938 -
1883 3897 1932 3948 cite
1951 3897 1982 3948 Ν
2003 3893 2030 3946 22
2037 3897 2053 3948 2
2073 3893 2099 3948 6.
2120 3897 2134 3948 2

579 3985 893 4050 222222222--22222222
905 3985 981 4050 plura
1001 3987 1110 4052 requirit
1122 3999 1166 4040 ex·
1204 3995 1242 4040 est
1260 3989 1285 4038 in
1305 3987 1419 4050 potentia
1439 3983 1607 4040 irascibiliib.
1628 3985 1645 4038 h
1664 4015 1700 4028 -
1717 3987 1843 4040 Humilia·
1935 3983 2084 4036 erosrasxs
2101 3989 2195 4038 -est
2212 3981 2357 4038 substantie
2379 3999 2441 4038 cum
2462 4001 2523 4052 pro·

526 4077 620 4128 teriora
639 4075 672 4128 Ν
686 4073 771 4128 6660
791 4101 829 4122 -.-
846 4073 1067 4140 impedimentum
1084 4077 1167 4140 publi·
1204 4077 1238 4128 tio
1257 4079 1295 4128 est
1320 4061 1389 4128 circa
1412 4075 1467 4126 vim
1492 4075 1649 4128 irascibilem
1674 4075 1708 4128 Ν
1727 4075 1763 4128 30
1781 4075 1808 4128 d.
1826 4075 1842 4128 7
1882 4071 2033 4138 prietatibus
2053 4073 2061 4122 l
2081 4071 2133 4124 220
2151 4087 2166 4124 2
2186 4101 2226 4138 -,
2241 4071 2272 4126 62
2291 4087 2320 4126 22
2332 4087 2384 4128 222
2396 4075 2521 4140 importat

526 4177 572 4216 cae
591 4163 731 4218 honestatis
758 4163 973 4214 contrahitnr‘e'x
998 4163 1166 4230 sponsalibus
1256 4191 1290 4204 ·-
1310 4165 1446 4228 consurgit
1463 4163 1661 4228 excognitione
1687 4163 1727 4216 sui
1747 4169 1772 4218 et
1790 4165 1842 4216 'Dei
1882 4167 2028 4224 respectum
2050 4159 2082 4212 ad
2102 4161 2230 4226 22226222,
2251 4161 2298 4212 226
2317 4161 2402 4214 solum
2416 4161 2448 4216 ad
2462 4179 2520 4230 pro·

526 4265 574 4318 per
593 4251 672 4304 verba
693 4251 726 4304 de
739 4251 869 4318 praesenti
889 4251 920 4304 Ν
941 4251 992 4302 760
1013 4267 1165 4320 a-quan-
1204 4253 1403 4320 perscienliam
1428 4251 1527 4304 caritati
1555 4251 1718 4304 coniunctam
1743 4251 1842 4304 122337
1882 4249 2016 4314 prietatem
2036 4249 2238 4314 distinguentem
2258 4247 2336 4302 2262
2357 4251 2383 4302 d.
2407 4251 2416 4302 2
2441 4279 2475 4290 -
2495 4255 2519 4306 22

527 4345 582 4392 tum
600 4341 635 4392 ad
663 4341 873 4394 coniunctionem
905 4353 1078 4404 personarum
1097 4347 1167 4394 tenet
1205 4339 1232 4392 2*
1252 4369 1284 4378 -2
1304 4339 1343 4392 ad
1363 4341 1534 4392 humilitatem
1556 4341 1667 4392 maxime
1688 4341 1791 4404 expedit
1816 4343 1843 4394 ti·
1881 4337 2006 4390 creaturis
2023 4335 2085 4390 dicit
2110 4335 2280 4390 substantiam
2304 4351 2364 4390 cum
2383 4339 2520 4393 accidenti·

452 4471 454 4476 .
527 4429 645 4482 medium
663 4431 729 4482 inter
748 4429 1000 4492 consanguinitatem
1018 4437 1041 4482 22
1060 4431 1166 4482 aiiinlta·
1204 4443 1262 4482 mor
1280 4429 1309 4480 222
1327 4429 1381 4482 762
1395 4429 1609 4482 dl-claudit
1622 4429 1713 4482 oculos
1725 4429 1761 4482 26
1773 4427 1841 4482 0222
1881 4425 1932 4478 bus
1949 4423 2010 4480 2026.
2028 4439 2136 4478 -non
2156 4425 2217 4478 dicit
2237 4427 2424 4492 proprietatem
2438 4431 2520 4482 excel-

529 4523 581 4570 tem
600 4515 635 4572 io.
653 4515 669 4570 0
1205 4519 1310 4584 propria
1329 4523 1354 4570 et
1372 4519 1457 4584 aperit
1474 4517 1508 4570 ad
1523 4517 1637 4570 videnda
1656 4517 1842 4572 2221222000
1881 4515 1981 4580 lentiae,
2000 4513 2046 4566 sed
2066 4515 2128 4566 dicit
2144 4513 2343 4568 tundamentum
2372 4517 2520 4590 existentiae

579 4607 762 4660 Honesruu—
779 4605 948 4670 distinguitur
968 4611 1056 4660 contra
1077 4607 1165 4662 utilel
1204 4635 1238 4646 -
1259 4607 1313 4660 vult
1337 4607 1434 4672 corrigi
1454 4607 1461 4658 l
1481 4607 1515 4660 26
1533 4605 1552 4658 0
1571 4633 1606 4644 -—
1626 4619 1676 4658 non
1702 4605 1779 4660 habet
1803 4623 1843 4662 ex·
1881 4603 1948 4656 sicut
1974 4617 2085 4668 persona
2113 4603 2141 4656 lll
2161 4603 2207 4656 232
2232 4617 2302 4656 2-
2321 4605 2438 4658 nominat
2460 4619 2521 4674 sup-

526 4695 558 4746 32
579 4695 630 4748 23
654 4693 716 4750 Vide
731 4695 761 4748 V.
775 4693 1054 4750 Bonum-honestum
1067 4703 1166 4766 et-up·
1205 4709 1307 4750 cessum
1328 4697 1352 4746 in
1373 4695 1536 4760 reputatione
1562 4697 1602 4748 sui
1622 4695 1654 4746 Ν
1681 4695 1731 4746 662
1760 4693 1788 4746 3*
1809 4725 1843 4734 -
1881 4693 2041 4758 positumlil
2063 4689 2114 4744 228
2135 4693 2149 4744 i.
2172 4693 2182 4742 2
2204 4693 2368 4758 -proprie
2392 4695 2520 4760 significat

523 4781 674 4852 petendum.
693 4811 728 4824 «-
748 4783 826 4848 Quod
843 4789 882 4836 est
907 4797 974 4848 opus
995 4785 1107 4836 iustitiae
1133 4785 1166 4838 de
1203 4785 1351 4838 inferiorem
1378 4799 1405 4836 se
1429 4789 1533 4848 reputat
1561 4789 1689 4852 quantum
1712 4783 1746 4836 ad
1773 4785 1844 4840 vitae
1881 4781 2046 4846 suppositum
2075 4781 2224 4836 distinctum
2255 4779 2261 4830 l
2288 4779 2339 4832 206
2366 4779 2401 4834 lt
2423 4773 2520 4838 2000.

524 4887 567 4940 22,
596 4873 665 4926 cadit
690 4875 716 4926 in
740 4885 837 4938 genere
860 4873 961 4926 honesti
979 4873 1014 4926 Ν
1031 4873 1086 4926 727
1103 4875 1121 4926 2.
1141 4875 1164 4926 2.
1204 4875 1335 4938 meritum,
1348 4885 1401 4926 non
1413 4877 1541 4938 quantum
1555 4873 1588 4926 ad
1607 4873 1722 4926 oiilcium
1739 4875 1772 4926 Ν
1790 4873 1842 4926 626
1882 4869 1932 4922 220
1960 4883 1983 4922 a.
2006 4869 2055 4922 226
2076 4869 2102 4922 6.
2123 4870 2133 4921 2
2156 4897 2192 4908 --
2211 4869 2354 4934 respondet
2381 4869 2520 4926 subsisten·
2549 4883 2550 4886 ’

524 4961 576 5016 760
596 4959 678 5014 2*-
697 4963 771 5014 Ratio
789 4963 891 5014 honesti
911 4963 993 5014 22222
1014 4961 1090 5016 bonis
1115 4965 1165 5028 spi·
1204 4961 1231 5016 2*
1252 4991 1285 5002 ·-
1303 4963 1455 5016 Humiliatio
1466 4963 1583 5016 virtuosa
1602 4967 1629 5016 et
1640 4961 1777 5016 laudabilis
1791 4977 1842 5016 non
1882 4959 1931 5012 tiae
1949 4959 1957 5012 l
1977 4959 2026 5012 200
2047 4973 2071 5010 2.
2091 4957 2142 5010 222
2161 4957 2226 5012 b-
2245 4959 2353 5010 Nomine
2372 4961 2520 5024 hypostasis

523 5049 660 5104 ritualibus
677 5051 707 5104 lli
726 5049 778 5104 630
797 5049 824 5104 0.
839 5049 885 5102 632
907 5049 933 5100 2*
953 5079 987 5088 -
1007 5053 1107 5104 Bonum
1122 5055 1165 5106 ho·
1203 5050 1281 5106 debet
1294 5051 1440 5118 procedere
1461 5065 1493 5102 rx
1505 5053 1619 5116 impetn,
1633 5051 1680 5104 sed
1699 5067 1730 5104 ox
1749 5051 1843 5106 discre-
1881 5049 1971 5100 Graeci
1990 5053 2097 5102 utuntur
2117 5049 2184 5100 sicut
2201 5061 2250 5102 nos
2267 5049 2375 5100 nomine
2390 5061 2519 5112 personae

524 5139 726 5208 nestum,quod
739 5143 780 5192 est
794 5151 860 5202 pure
874 5139 988 5204 bonum,
1008 5143 1129 5194 terminat
1142 5147 1166 5194 et
1203 5141 1272 5194 tione
1290 5140 1444 5194 rationislll
1463 5139 1515 5192 333
1535 5137 1566 5190 2*
1636 5149 1638 5154 ·
1881 5143 1908 5190 ut
1928 5137 2034 5202 proprio
2054 5135 2211 5188 vocabulol
2233 5135 2282 5190 206
2315 5133 2349 5188 ti
2378 5135 2429 5188 220
2448 5135 2465 5190 0
2484 5165 2519 5176 -·

524 5229 634 5296 quietat,
658 5235 684 5282 et
708 5241 740 5282 eo
764 5235 801 5280 est
827 5229 933 5294 proprie
959 5229 1113 5296 lruendum;
1134 5245 1165 5284 eo
1256 5257 1290 5268 -
1309 5229 1427 5282 Christus
1446 5241 1494 5280 suo
1514 5229 1634 5292 exemplo
1652 5229 1742 5284 docuit
1760 5231 1843 5282 humi·
1880 5225 1978 5278 Nomen
2008 5227 2154 5290 hypostasis
2180 5229 2235 5278 erat
2259 5225 2363 5276 occasio
2387 5225 2517 5292 haeresis,

524 5331 602 5384 vero,
623 5319 648 5370 in
662 5331 716 5386 quo
728 5325 768 5370 est
786 5319 846 5382 puri
860 5313 921 5370 boni
941 5319 1097 5384 similitudo,
1112 5333 1164 5372 non
1204 5319 1299 5370 litatem
1320 5319 1347 5370 lll
1368 5319 1413 5370 332
1436 5333 1499 5370 a*
1512 5319 1656 5370 insinuatur
1668 5319 1695 5370 in
1709 5319 1842 5382 Scriptura
1881 5327 1941 5364 curn
1959 5311 2115 5378 significatio
2133 5313 2190 5364 eius
2202 5325 2253 5364 non
2267 5318 2334 5364 esset
2348 5313 2517 5368 determinata

524 5413 563 5458 est
584 5409 690 5472 proprie
710 5405 864 5472 fruendum,
884 5405 930 5460 sed
948 5407 972 5458 in
986 5421 1019 5460 eo
1037 5407 1165 5460 delectan·
1203 5411 1227 5460 et
1246 5409 1272 5460 in
1290 5405 1382 5460 verbis
1400 5405 1493 5458 Christi
1514 5407 1521 5456 l
1541 5407 1592 5458 223
1609 5403 1640 5460 6*
1656 5433 1693 5446 -
1711 5421 1842 5460 commen·
1881 5403 1888 5452 l
1908 5399 1958 5454 226
1979 5401 2007 5454 6.
2024 5401 2050 5454 2.
2071 5399 2122 5454 262
2142 5401 2167 5454 6.
2189 5403 2211 5466 l,
2232 5403 2247 5454 2
2266 5427 2302 5440 ···
2326 5407 2366 5454 est
2391 5403 2518 5456 terminus

524 5493 588 5548 dum
608 5497 616 5546 l
638 5493 666 5546 22
692 5493 720 5546 2*
1203 5495 1322 5548 daturin
1347 5497 1524 5548 incarnatione
1544 5493 1625 5546 Verbi
1648 5493 1720 5546 22222
1747 5493 1783 5556 2*,
1805 5493 1841 5548 3*.
1880 5489 2050 5542 emanationis
2077 5489 2103 5540 20
2131 5487 2226 5542 divinis
2255 5489 2262 5542 Ι
2291 5489 2338 5542 202
2369 5505 2392 5544 a·
2418 5493 2469 5544 233
2490 5491 2517 5544 3*

578 5583 663 5634 222222
677 5583 750 5634 -ln
771 5581 870 5634 honore
889 5589 927 5634 esi
947 5583 1104 5650 testificatio,
1121 5585 1163 5638 vel
1202 5583 1229 5634 02
1254 5581 1425 5636 0--0022222
1445 5587 1470 5634 22
1488 5581 1581 5634 022222
1599 5583 1714 5646 Virginis
1733 5581 1842 5634 222222-
1886 5575 1947 5632 Vt'da
1967 5577 1998 5630 V.
2016 5577 2343 5634 Persona—secundum
2360 5579 2470 5634 modum
2486 5583 2518 5634 lo·

523 5669 648 5724 exhibitio
660 5671 770 5724 alicuius
782 5669 941 5722 testificantis
961 5673 1121 5724 maiestatem
1135 5673 1164 5724 lll
1202 5669 1238 5722 dit
1257 5669 1452 5724 mundanorum
1470 5667 1623 5734 superbiam
1643 5669 1675 5720 Ν
1696 5669 1747 5720 720
1767 5683 1781 5720 2
1880 5665 1976 5732 quendi
1996 5667 2081 5732 magis
2099 5667 2194 5720 dicitur
2207 5667 2240 5720 de
2254 5667 2390 5734 supposito
2409 5673 2517 5722 naturae

524 5757 720 5810 2222*-222
732 5757 869 5810 exhibetur
882 5759 908 5808 in
922 5759 1099 5810 testimonium
1114 5761 1163 5812 222-
1253 5785 1288 5796 -
1310 5757 1438 5822 Quamvis
1464 5757 1571 5808 humilis
1597 5769 1694 5820 parum
1721 5757 1838 5812 intendat
1880 5757 2036 5820 rationalisl
2057 5755 2145 5808 2200

517 5849 584 5902 tutis
602 5847 645 5898 vel
664 5849 689 5898 in
714 5847 819 5912 signum
839 5845 949 5898 alicuius
974 5847 1113 5898 nobilitatis
1139 5853 1163 5898 ct
1203 5845 1299 5908 iacere,
1321 5852 1405 5898 tamen
1418 5857 1531 5910 magnae
1544 5843 1667 5898 bonitatis
1686 5853 1724 5898 est
1737 5849 1794 5900 cius
1806 5849 1841 5899 in·
1931 5871 1966 5884 —
1985 5853 2070 5898 creata
2088 5846 2178 5910 aliquo
2196 5843 2275 5898 modo
2290 5845 2376 5898 (2222222
2392 5859 2406 5896 2
2428 5849 2517 5898 natura

523 5937 688 5990 excellentiae
707 5943 732 5988 et
745 5937 771 5986 in
786 5933 945 6000 obsequium
959 5937 1119 5988 reverentiae
1134 5935 1163 5988 lll
1202 5937 1280 5988 tentio
1299 5933 1318 5984 ll
1337 5933 1389 5986 022
1408 5931 1437 5982 3*
1454 5961 1490 5972 -
1509 5935 1662 5986 Exercitium
1685 5937 1837 5992 humilitatis
1880 5935 1906 5986 lll
1929 5933 1972 5986 232
1998 5931 2025 5986 2*
2045 5961 2079 5974 -·
2092 5933 2162 5986 linita
2177 5937 2322 5988 necessario
2334 5931 2407 5986 addit
2421 5931 2518 6000 aliquid

524 6027 575 6078 208
595 6039 618 6092 2,
640 6023 666 6078 2*
679 6025 768 6078 -vel
785 6028 825 6078 est
842 6021 1013 6090 adorationis,
1026 6025 1068 6076 vel
1087 6038 1161 6078 vene·
1202 6031 1239 6076 est
1258 6023 1376 6076 securius
1389 6035 1468 6090 quam
1481 6021 1587 6074 alterius
1601 6027 1704 6078 virtutis
1715 6025 1745 6078 lll
1759 6027 1809 6078 803
1824 6027 1841 6080 0
1878 6021 2046 6076 substantiale
2065 6037 2145 6088 super
2164 6023 2303 6076 essentiam
2323 6027 2348 6074 et
2367 6023 2479 6074 sormam
2501 6021 2516 6072 ll

525 6113 682 6168 2222222220.
703 6113 964 6180 a-appetiturin
984 6115 1163 6168 rationesutli·
1201 6117 1290 6164 —est
1304 6111 1503 6164 tundamentum
1517 6109 1659 6164 defendens
1677 6121 1765 6168 contra
1778 6129 1840 6168 ven·
1880 6111 1911 6162 60
1932 6113 1949 6164 2.
1967 6111 2175 6180 3-qoaedam
2192 6111 2293 6164 excedit
2313 6111 2424 6162 sormam
2444 6111 2518 6162 cuius
2552 6181 2553 6186 ἵ

524 6205 645 6270 olentiae,
663 6205 705 6256 vel
725 6201 889 6258 excellentiae
910 6203 937 6254 lll
957 6201 1008 6254 803
1028 6201 1055 6256 d.
1077 6205 1107 6254 2
1202 6199 1257 6256 tum
1276 6201 1458 6266 prosperitatis
1475 6199 1509 6252 Ν
1534 6199 1586 6252 683
1605 6213 1621 6252 2
1640 6229 1675 6242 -
1695 6205 1720 6254 ln
1740 6207 1841 6258 humili·
1877 6205 1916 6252 est
1937 6201 1965 6252 lll
1985 6199 2036 6252 266
2057 6197 2085 6252 2*
2476 6263 2478 6270 γ

577 6321 612 6332 -·
631 6295 736 6358 respicit
755 6291 907 6358 dignitatem
927 6291 956 6346 lll
975 6291 1027 6346 632
1046 6291 1107 6344 (2.2
1129 6319 1162 6330 -
1202 6297 1251 6344 tate
1270 6291 1383 6344 maxime
1397 6291 1509 6342 uincitur
1522 6287 1643 6342 diabolus
1657 6297 1683 6344 et
1702 6301 1838 6358 peccatum
1933 6315 1965 6324 -
1984 6291 2010 6342 ln
2038 6289 2204 6354 philosophia
2228 6285 2353 6350 accipitur
2373 6297 2421 6349 pro
2440 6291 2517 6338 mate·

524 6381 635 6434 retertur
654 6381 687 6434 ad
706 6395 762 6436 rem
782 6381 933 6433 rationalem
953 6387 978 6432 ei
996 6381 1162 6434 excellentem
1201 6381 1228 6434 lll
1249 6381 1294 6432 332
1309 6377 1348 6432 Ὶ2*
1360 6409 1397 6418 --
1409 6381 1435 6432 in
1449 6377 1560 6432 docente
1574 6385 1662 6432 movet
1680 6381 1713 6434 ad
1732 6381 1840 6436 audien·
1878 6377 1914 6430 ria
1935 6375 2008 6430 2226
2027 6375 2054 6430 d.
2074 6377 2083 6426 l
2108 6405 2144 6416 -
2162 6377 2264 6430 lieteria
2278 6379 2305 6426 ct
2323 6375 2406 6426 iorma
2427 6377 2517 6428 consti·

524 6473 623 6524 ratione
643 6471 682 6522 sui
702 6471 785 6534 ipsius
798 6471 827 6522 lll
842 6469 892 6522 208
907 6467 942 6522 2*.
957 6471 984 6522 22
994 6470 1004 6521 2
1022 6485 1085 6522 2-
1097 6483 1163 6522 sem·
1201 6469 1265 6522 dum
1283 6477 1308 6522 22
1333 6473 1419 6534 captat
1445 6467 1653 6520 benevolentiam
1677 6471 1686 6520 l
1710 6471 1744 6524 26
1769 6469 1786 6522 0
1807 6501 1840 6508 -
1879 6471 1953 6520 tuunt
1980 6469 2150 6534 hypostasim,
2174 6477 2235 6518 rum
2255 6465 2381 6516 uniuntur
2399 6465 2424 6516 in
2444 6465 2516 6516 tertia

448 6569 452 6576 ’
524 6573 573 6624 222
599 6561 705 6624 respicit
732 6573 873 6624 personam
894 6559 987 6612 222202
1019 6575 1045 6624 a,
1073 6557 1101 6612 6*
1129 6585 1164 6600 --
1200 6559 1270 6612 0222
1287 6555 1583 6624 se-potesthumiliare
1604 6555 1632 6606 in
1656 6566 1748 6612 natura
1768 6561 1839 6612 nnita
1878 6563 1968 6610 natura
1988 6555 2094 6608 22802.
2115 6554 2190 6607 uhi
2210 6551 2261 6606 263
2281 6549 2310 6604 2*

524 6655 643 6702 naturam
662 6647 767 6714 respicit
785 6645 933 6714 digniorem
953 6649 978 6698 22
997 6647 1116 6702 subiecto
1128 6645 1161 6702 20.
1200 6647 1233 6700 26
1252 6649 1380 6702 maiorem
1400 6645 1634 6700 manifestationem
1647 6659 1711 6698 suae
1728 6647 1839 6702 22222202-
1931 6645 2085 6698 Hrrornesrs
2103 6671 2139 6684 -
2157 6641 2275 6708 procedit
2295 6657 2311 6694 a
2330 6641 2454 6706 singulari
2483 6641 2515 6694 ad

524 6735 560 6786 6*.
581 6735 627 6788 872
651 6735 841 6790 b-reiertur
859 6735 894 6788 26
908 6735 1085 6804 aliquemaut
1097 6737 1163 6790 sicut
1200 6737 1239 6788 nis
1260 6737 1287 6790 222
1308 6737 1341 6788 20
1362 6735 1392 6786 2*
1532 6767 1535 6774 .
1712 6765 1715 6770 -
1877 6733 2037 6798 universale,
2067 6747 2127 6786 cum
2156 6745 2206 6786 uon
2229 6737 2268 6786 est
2291 6731 2376 6782 maior
2392 6729 2457 6780 ratio
2485 6729 2517 6782 de

523 6823 555 6874 ad
577 6825 795 6890 subiectum,aut
808 6825 919 6878 sicutad
933 6825 1013 6878 linem
1027 6825 1054 6876 222
1069 6825 1119 6876 206
1135 6823 1164 6876 2*
1205 6849 1207 6852 ·
1255 6825 1456 6888 Hauon-iit,
1475 6823 1539 6876 dum
1561 6825 1729 6888 aquaterxae
1749 6825 1839 6876 misce·
1877 6837 1930 6876 uno
1949 6835 2028 6890 quam
2048 6821 2149 6876 dealio
2174 6821 2193 6872 ll
2219 6819 2264 6874 262
2288 6831 2346 6882 arg.
2365 6819 2390 6870 3.
2410 6817 2442 6870 Ν
2461 6819 2514 6870 886

578 6913 696 6966 -alius
719 6913 831 6966 debetur
849 6915 903 6968 Deo
926 6927 1008 6980 quam
1030 6915 1129 6966 homini
1154 6915 1160 6964 2
1202 6923 1241 6968 222
1261 6915 1278 6966 21
1298 6913 1344 6966 381
1370 6929 1384 6966 a
1403 6915 1476 6966 —ln
1491 6909 1648 6966 humoribus
1667 6915 1779 6966 unanime
1792 6913 1839 6966 do·
1878 6915 1893 6964 2.
1913 6913 1938 6966 6.
1958 6913 2043 6964 8062
