5808 8400
611 629 675 698 286
1451 621 1565 688 44444444
1588 619 1780 686 SECUNDUS

883 717 968 768 enta
2238 703 2322 758 eata

666 807 792 874 -Quod
809 813 849 860 εει
861 803 1116 872 praeceptumque
1137 799 1247 864 bonurn,
1287 797 1392 850 iratum
1412 801 1450 848 est
1469 797 1662 862 praeordinatio
1678 797 1736 848 sive
1749 797 1882 858 praevisio
1895 797 1923 848 lll
1962 811 2031 848 a·-·
2048 793 2201 860 simpliciter
2218 793 2285 846 dicta
2306 793 2367 846 dicit
2383 779 2594 846 'antecessionem

612 911 718 962 semper
736 903 775 948 εει
800 897 969 958 praeceptum
996 891 1032 944 tv
1050 893 1085 944 35
1104 905 1161 954 arg.
1178 887 1194 938 3
1215 913 1249 926 -
1289 887 1340 938 480
1360 881 1389 936 4*
1406 911 1440 924 -
1460 885 1654 938 praedestinare
1675 889 1716 934 est
1733 883 1924 946 praeordinare
1962 891 2082 950 respectu
2100 881 2284 950 praedestinati
2303 879 2338 934 444.
2356 879 2395 946 2*,
2409 879 2449 934 3*.
2462 881 2508 932 484
2531 883 2547 934 4.
2573 881 2595 934 4.

613 989 757 1052 quaesunt
779 981 939 1046 bona‚qula
961 985 1115 1046 praecepta,
1136 977 1249 1028 inarime
1287 969 1398 1026 alterum
1421 973 1446 1022 in
1476 971 1581 1024 dneml
1608 971 1694 1022 7474
1715 983 1753 1036 sq.
1773 997 1808 1010 «-
1827 971 1923 1022 dicitur
1963 977 2013 1028 482
2031 975 2061 1028 3*
2089 1003 2124 1016 ·-
2151 973 2214 1028 dicit
2240 981 2328 1026 actutu
2352 977 2382 1024 ut
2406 975 2564 1026 anteriorem
2589 975 2596 1024 l

613 1073 771 1128 conveniunt
790 1069 841 1134 legi
859 1069 972 1134 scriptae
989 1067 1024 1120 tV
1043 1067 1074 1118 49
1096 1067 1112 1118 4.
1132 1065 1149 1114 2
1287 1061 1320 1112 40
1340 1067 1398 1112 actu
1417 1059 1519 1112 dicente
1537 1059 1726 1112 ordinationem
1751 1057 1874 1110 latinam
1896 1059 1923 1110 444
1961 1061 2014 1116 745
2032 1061 2062 1114 a*

665 1185 699 1198 -
720 1159 868 1222 praeceptio
887 1163 914 1208 ει
929 1155 1069 1220 prohibitio
1088 1157 1150 1204 suut
1167 1163 1249 1214 oppo-
1289 1147 1338 1200 478
1357 1163 1371 1200 4
1391 1175 1426 1186 -·
1443 1155 1483 1198 εει
1508 1147 1676 1212 praescientia
1702 1145 1890 1198 beneficiorum
1914 1145 1922 1196 4
2016 1175 2048 1186 -
2067 1157 2104 1202 ost
2129 1151 2194 1218 quta
2213 1157 2346 1204 aeternum
2366 1153 2392 1202 et
2409 1149 2444 1202 ab
2462 1155 2568 1202 aeterno
2588 1151 2595 1200 t

614 1235 1248 1306 5444419384,4118454445-844444444
1286 1235 1339 1286 702
1358 1235 1374 1288 4.
1397 1237 1420 1286 2.
1437 1233 1490 1286 704
1510 1251 1533 1286 a.
1550 1235 1686 1286 7054-
1705 1237 1742 1286 εει
1756 1235 1920 1298 propositum
1961 1235 2055 1288 7034.
2074 1239 2127 1290 745
2152 1235 2189 1290 6*.
2210 1241 2235 1292 444
2267 1241 2317 1292 482
2342 1235 2424 1290 4*--
2444 1237 2506 1288 Esse
2525 1251 2596 1300 prae·

613 1339 653 1388 εει
670 1337 694 1386 44
716 1335 897 1398 prohibitione,
917 1331 974 1382 eius
991 1325 1248 1392 oppositumimme-
1289 1323 1427 1376 miserendi
1448 1323 1457 1372 4
1475 1323 1527 1374 702
1546 1325 1562 1374 l.
1584 1325 1607 1376 3.
1626 1319 1678 1374 704
1698 1337 1722 1374 4.
1739 1319 1791 1374 705
1820 1321 1847 1376 b.
1868 1319 1922 1372 722
1961 1325 2115 1376 destinatum
2137 1329 2173 1376 εει
2193 1331 2327 1378 aeternum
2354 1325 2454 1378 dictum
2478 1325 2513 1378 de
2537 1333 2598 1378 tem·

518 1467 520 1472 .
614 1423 712 1478 dictum
727 1429 764 1474 εει
777 1423 801 1472 44
816 1423 957 1486 praecepto
977 1416 1002 1467 444
1016 1415 1065 1466 847
1082 1411 1247 1478 5*-444444
1288 1411 1312 1462 d.
1334 1409 1584 1474 2402434444
1963 1409 2216 1474 pocillatrice

614 1525 666 1564 444
684 1519 725 1566 εει
743 1513 768 1562 44
797 1505 986 1574 prohibitione,
1013 1505 1070 1556 eius
1098 1501 1248 1566 oppositum
1340 1525 1375 1538 -
1396 1505 1433 1550 est
1452 1499 1569 1550 alectiol
1597 1499 1650 1550 702
1668 1499 1686 1550 4.
1707 1499 1716 1548 4
1739 1525 1775 1536 -
1792 1497 1862 1576 idem
1886 1503 1923 1548 est
2013 1523 2047 1536 -
2066 1505 2104 1550 εει
2123 1511 2173 1550 non
2203 1499 2333 1554 existentis
2357 1501 2366 1550 l
2390 1497 2443 1550 724
2466 1499 2493 1550 4.
2519 1499 2544 1550 8.
2568 1499 2596 1550 444

614 1613 666 1652 444
684 1607 725 1652 εει
741 1601 766 1650 in
788 1597 927 1662 praecepte
945 1591 980 1642 tv
998 1589 1050 1642 458
1069 1589 1121 1660 4.,,2
1288 1589 1311 1638 in
1333 1589 1386 1640 [teo
1414 1587 1485 1652 quod
1513 1595 1615 1640 aeterna
1637 1587 1753 1640 electiol
1775 1585 1825 1638 746
1845 1587 1872 1652 b,
1895 1583 1923 1636 2*
1963 1585 2013 1636 477
2032 1585 2049 1638 l.
2071 1587 2094 1652 4,
2111 1589 2128 1638 2
2147 1611 2182 1624 -
2206 1585 2334 1638 antecedit
2356 1595 2474 1640 nostrum
2504 1601 2562 1640 εεεε
2585 1589 2595 1638 4

666 1715 702 1724 -
722 1688 790 1737 Deus
807 1679 937 1750 quaedam
959 1679 1085 1744 praecipit
1106 1677 1138 1730 ad
1160 1675 1249 1726 4444444-
1288 1701 1323 1714 -
1341 1681 1365 1728 ει
1383 1675 1475 1726 electio
1504 1689 1551 1738 per
1578 1691 1605 1728 se
1634 1673 1817 1740 praedicantur
1844 1673 1876 1726 de
1896 1687 1923 1724 se
1961 1673 2013 1724 729
2031 1673 2046 1724 l.
2069 1675 2092 1740 4,
2120 1675 2191 1726 2·-
2208 1675 2332 1736 importat
2351 1675 2542 1726 inchoationem
2571 1677 2595 1726 in

615 1775 690 1838 dum,
711 1773 842 1840 quaedam
861 1769 895 1822 ad
916 1767 1097 1832 probandum,
1119 1763 1249 1832 quaedam
1289 1765 1401 1814 invicem
1428 1759 1464 1814 ll).
1490 1763 1508 1814 4.
1538 1765 1606 1814 2-
1629 1763 1715 1814 dillert
1738 1761 1773 1814 ab
1799 1763 1923 1814 electione
1961 1775 2019 1814 esse
2036 1763 2159 1828 implicite
2171 1769 2198 1814 et
2211 1763 2309 1814 ratione
2321 1763 2452 1816 connotati
2470 1763 2499 1814 lll
2515 1763 2594 1816 2424

614 1863 646 1916 ad
667 1859 840 1914 erudiendum
860 1859 867 1910 4
887 1855 938 1906 848
959 1855 989 1908 d.
1007 1855 1024 1906 5
1289 1849 1433 1904 4444444444
1464 1853 1591 1904 rationem
1613 1849 1782 1916 intelligendi,
1800 1849 1923 1902 addendo
2015 1877 2047 1888 ν-
2068 1857 2093 1904 ει
2118 1851 2268 1916 reprobatio
2290 1851 2412 1904 dilleruut
2438 1851 2595 1906 coaeterno

668 1975 700 1986 -
722 1949 791 2000 licus
809 1961 861 2000 non
879 1949 966 2008 potest
981 1943 1131 2008 praecipere
1152 1939 1248 1992 malum
1289 1953 1369 2002 super
1393 1945 1479 1990 actum
1505 1940 1645 1994 voluntatis
1668 1937 1922 2002 praeordinationem
1961 1939 2270 1992 rationeronnutatorum
2287 1941 2361 1992 4699
2378 1941 2394 1992 4,
2411 1939 2438 2002 3,
2458 1937 2596 1992 464744.

614 2037 757 2090 meandum
788 2051 828 2100 εε,
850 2033 896 2086 sed
924 2033 1023 2084 malum
1052 2033 1077 2080 in
1106 2045 1148 2092 εε,
1176 2027 1248 2094 quod
1288 2033 1311 2080 ct
1332 2027 1499 2078 directionem
1526 2031 1551 2080 in
1581 2023 1812 2080 444ε44444.2*-
1831 2039 1923 2078 secun·
1961 2027 2043 2078 7334
2064 2027 2178 2078 -Esse
2199 2029 2354 2090 praescitum
2381 2033 2404 2078 et
2424 2027 2598 2090 praedestina·

614 2129 674 2192 post
697 2129 867 2190 praeceptum
895 2127 934 2174 εει
956 2121 1055 2174 botrum
1082 2117 1249 2170 48464-
1288 2115 1351 2166 dum
1370 2099 1495 2168 rationem
1517 2115 1674 2180 intelligendi
1694 2117 1811 2180 sequitur
1826 2129 1923 2180 propo·
1962 2123 2016 2166 tum
2041 2117 2162 2168 dillerunt
2182 2121 2309 2180 quantum
2330 2117 2361 2168 ad
2382 2123 2517 2168 connotata
2536 2129 2598 2168 con·

614 2215 660 2266 044
679 2215 739 2266 lacit
755 2221 843 2264 actam
863 2211 931 2264 circa
943 2215 1106 2272 creaturam,
1124 2207 1171 2272 qui
1186 2207 1250 2258 alias
1288 2203 1365 2254 situm
1384 2209 1411 2254 et
1427 2205 1580 2256 electionem
1598 2201 1660 2256 laid.
1680 2231 1719 2240 —
1735 2217 1786 2254 non
1811 2207 1851 2254 εει
1868 2203 1923 2254 sine
1961 2205 2084 2268 tingentia
2101 2203 2110 2252 4
2129 2201 2179 2252 709
2203 2201 2218 2254 44

614 2309 681 2354 esset
698 2301 852 2366 culpabitis,
870 2299 971 2350 bonum
989 2303 1013 2348 et
1034 2297 1194 2348 meritorium
1217 2293 1248 2346 lV
1289 2291 1422 2344 dilectione
1442 2299 1468 2344 et
1485 2293 1610 2346 electione
1629 2291 1638 2342 l
1658 2291 1710 2342 744
1723 2291 1738 2342 4.
1754 2291 1817 2342 l-
1831 2291 1924 2342 dicitur
2014 2319 2049 2330 -
2067 2293 2166 2344 ratione
2186 2291 2337 2356 principalis
2354 2291 2493 2354 significati
2507 2297 2544 2344 est
2558 2307 2598 2344 ae-

614 2391 666 2444 723
685 2385 944 2452 a-Omne,qu0d
963 2387 1031 2438 licus
1044 2385 1182 2448 praecipit,
1196 2387 1248 2446 pot·
1289 2381 1480 2444 praeordinatio
1508 2381 1665 2444 abordine‚
1685 2381 1730 2446 qui
1759 2387 1797 2432 εει
1817 2381 1924 2432 directio
1963 2387 2045 2444 terna,
2066 2395 2115 2432 non
2137 2391 2221 2432 tamen
2242 2383 2341 2432 ratione
2360 2383 2490 2432 connotati
2506 2381 2597 2432 444247

614 2485 653 2532 εει
671 2479 726 2530 lieri
739 2479 795 2530 sine
813 2475 969 2540 pcccatolV
986 2475 1035 2526 724
1059 2473 1076 2524 4.
1095 2471 1248 2534 3-44444
1288 2471 1311 2518 44
1332 2469 1422 2534 linem,
1442 2469 1611 2534 appropriato
1636 2467 1761 2520 voluntati
1785 2471 1791 2520 l
1818 2467 1869 2520 705
1898 2465 1923 2518 l*
1962 2467 1987 2520 44.
2007 2467 2055 2520 248
2081 2467 2105 2518 l*
2129 2493 2164 2506 -
2190 2473 2313 2520 connotat
2337 2471 2533 2534 praescientiam
2554 2471 2595 2522 ali·

614 2569 640 2620 lit
661 2575 767 2630 propter
788 2571 955 2630 pracceptum
977 2563 1020 2614 lici
1040 2559 1249 2614 ordinatotttttt
1288 2563 1377 2610 -εει
1398 2559 1530 2620 praevisio
1551 2557 1608 2608 sive
1633 2557 1769 2620 dispositio
1791 2559 1923 2622 pertineas
1961 2559 2132 2610 cuiusluturi
2153 2557 2244 2608 littae
2267 2555 2593 2624 i*-estaeterne,quia

615 2657 647 2708 30
668 2655 693 2708 4.
713 2657 729 2708 8
751 2653 813 2708 Vt'dc
838 2655 864 2708 V.
886 2649 1029 2720 Oiilt'ptrlt'o.
1289 2645 1320 2696 ad
1340 2645 1472 2708 exemplar
1489 2645 1519 2708 144
1538 2643 1591 2696 245
1609 2659 1666 2708 arg.
1685 2647 1701 2696 2
1961 2649 2082 2696 connotat
2098 2645 2217 2696 ellectum
2237 2659 2288 2696 non
2308 2647 2424 2708 inacta,
2446 2645 2491 2696 sed
2512 2649 2535 2696 in
2556 2649 2598 2698 ira·

667 2772 702 2784 —
726 2745 912 2796 atlirmativum
934 2741 1034 2806 obligat
1057 2753 1179 2804 semper,
1204 2737 1249 2790 sad
1340 2761 1375 2774 -
1394 2739 1432 2786 est
1451 2737 1577 2800 gratuitae
1597 2735 1740 2786 donationis
1761 2735 1923 2798 praeparatio
1962 2735 2016 2786 tritu
2036 2735 2043 2786 4
2063 2735 2113 2786 008
2135 2731 2163 2786 3*
2181 2761 2217 2774 -
2235 2747 2286 2786 non
2308 2735 2518 2786 habeteliectum
2531 2749 2597 2786 sem-

615 2845 667 2886 oon
689 2825 884 2894 ad'senrpert
911 2829 960 2882 856
984 2843 1006 2882 4.
1030 2827 1128 2882 444644
1150 2841 1205 2892 arg.
1227 2829 1251 2880 3.
1289 2823 1455 2876 47054-
1474 2831 1512 2876 cst
1532 2825 1693 2888 praeparatio
1709 2825 1804 2888 gratiae
1823 2829 1848 2876 ει
1868 2823 1924 2888 glo·
1963 2825 2051 2888 perio
2072 2825 2250 2888 actu,sedin
2279 2823 2368 2876 habitu
2389 2825 2395 2874 l
2414 2823 2468 2876 745
2487 2823 2526 2876 5*.
2543 2821 2596 2876 724

614 2921 647 2974 lV
668 2923 718 2972 399
739 2921 762 2972 4.
785 2921 813 2986 6,
843 2921 867 2972 8.
886 2917 936 2970 446
962 2915 1248 2988 4*-4444((44444444
1289 2915 1341 2964 riae
1361 2909 1368 2966 4
1389 2909 1440 2964 704
1461 2913 1521 2966 4.4.
1549 2911 1602 2966 722
1621 2911 1647 2964 d.
1666 2913 1691 2962 2.
1711 2913 1737 2964 lll
1760 2911 1809 2964 477
1829 2927 1885 2976 arg.
1900 2913 1922 2964 5.
1963 2913 1987 2966 d.
2007 2915 2022 2962 8
2041 2927 2146 2966 -4444
2172 2915 2245 2976 pontt
2272 2919 2419 2978 respectum
2447 2912 2541 2964 realem
2572 2915 2596 2964 in

614 3023 666 3062 non
686 3009 786 3074 obligat
809 3009 842 3058 ad
862 3007 1044 3070 sempcr‚sed
1070 3007 1201 3068 praiaco
1227 3011 1250 3056 et
1289 2999 1339 3052 243
1359 3003 1453 3064 argi
1482 2999 1544 3054 Vide
1574 2999 1723 3054 V.'Grutt'a
1746 2997 1790 3056 20
1814 3003 1840 3052 in
1863 3001 1923 3054 line.
1961 3007 2029 3064 actu,
2050 3003 2097 3056 sed
2116 3005 2142 3054 in
2161 3003 2274 3064 potentia
2294 3009 2413 3066 respectu
2434 3003 2500 3052 entis
2514 3005 2538 3052 in
2554 3015 2597 3066 po

614 3101 733 3160 tempore
751 3097 768 3146 44
796 3095 846 3146 488
872 3095 898 3146 4.
919 3095 941 3146 3.
966 3093 1017 3146 525
1038 3091 1074 3146 5*.
1095 3095 1120 3146 444
1141 3093 1191 3144 544
1214 3093 1251 3146 3*.
1290 3115 1321 3124 -e-
1348 3087 1542 3140 praedestinare
1564 3089 1626 3140 dicit
1655 3089 1815 3152 propositum
1842 3089 1921 3140 dandi
1962 3091 2036 3140 tentia
2066 3091 2076 3140 l
2102 3089 2154 3140 703
2185 3089 2213 3140 4*
2230 3087 2271 3128 ’-
2297 3091 2360 3142 dicit
2387 3099 2534 3152 respectum
2564 3089 2597 3142 ad

614 3183 666 3236 846
686 3197 709 3234 4.
730 3183 760 3234 tv
782 3181 832 3234 444
860 3185 875 3234 4.
899 3181 924 3232 l.
948 3181 999 3232 665
1019 3179 1250 3232 3*-4444(44444-
1289 3179 1433 3240 gruttamet
1447 3177 1618 3240 praeparandi
1633 3177 1921 3242 gloriamldltlarg.3
1960 3183 2103 3228 creaturam
2123 3177 2270 3228 secundum
2289 3177 2418 3240 4440444444,
2440 3191 2597 3230 consecun-

614 3287 678 3324 vum
698 3285 748 3324 uou
765 3271 865 3336 obligat
877 3269 912 3320 ad
930 3269 1095 3332 implendum
1114 3277 1173 3320 anta
1187 3277 1251 3320 teru—
1289 3291 1323 3302 -
1343 3263 1481 3314 attenditur
1499 3269 1626 3330 quantum
1656 3263 1688 3314 ad
1715 3263 1833 3316 ordinem
1853 3271 1923 3316 natu·
1962 3263 2130 3316 dumactum
2150 3265 2158 3314 l
2177 3263 2228 3316 325
2249 3263 2331 3316 2*-
2354 3263 2391 3316 ab
2413 3275 2596 3318 4444444444-

615 3375 666 3428 pus
683 3359 882 3412 determinatum
905 3357 936 3410 lV
956 3357 1005 3410 444
1027 3359 1045 3410 l.
1067 3359 1076 3406 4
1096 3359 1251 3410 -4444444-
1289 3365 1333 3404 rae
1351 3355 1471 3416 respectu
1490 3355 1590 3416 gratiae
1607 3359 1632 3404 ει
1652 3353 1747 3416 gloriae
1769 3353 1846 3406 riuti
1866 3353 1922 3404 dt
1961 3357 2031 3404 notat
2047 3353 2147 3418 aliquid
2165 3353 2283 3404 laturum
2302 3353 2311 3404 4
2331 3353 2382 3406 703
2403 3349 2439 3404 4*.
2460 3355 2487 3406 444
2504 3355 2552 3404 482
2568 3353 2596 3404 4*

614 3451 697 3502 tivum
718 3461 768 3502 noo
793 3447 889 3512 obligat
914 3445 946 3498 ad
968 3459 1071 3496 uernam
1100 3451 1185 3498 actum
1206 3461 1251 3498 vn.
1297 3491 1301 3494 ,,
1344 3467 1375 3480 -
1395 3449 1522 3506 quantum
1541 3441 1574 3494 ad
1595 3443 1920 3506 principalesignilicalum
1962 3467 1993 3476 -
2015 3453 2064 3492 uon
2086 3443 2229 3494 necessario
2255 3443 2444 3508 ponitaliquid
2468 3443 2503 3494 de
2522 3457 2596 3506 prae·

614 3539 718 3590 luntatis
737 3537 829 3588 nacad
851 3547 927 3588 omne
946 3543 1116 3600 praecaptum
1136 3535 1145 3584 4
1166 3535 1249 3588 8564
1289 3535 1326 3580 εει
1346 3529 1431 3580 divina
1451 3531 1569 3594 essentia,
1597 3533 1723 3596 quantum
1746 3529 1781 3582 ad
1799 3537 1921 3582 connota·
1960 3529 2232 3594 senttstveactqsec
2250 3531 2592 3596 ponitaliqoidsecundum

615 3627 854 3678 „affirmativum
876 3629 960 3690 potest
980 3605 1196 3688 obligamentum
1218 3625 1248 3676 ad
1289 3625 1344 3668 tum
1371 3623 1411 3668 est
1434 3627 1566 3682 ereatura,
1589 3623 1616 3670 nt
1635 3619 1718 3680 gratia
1744 3619 1869 3682 etglorio
1898 3627 1921 3668 et
1961 3617 2076 3670 nocitum
2095 3619 2151 3670 sive
2168 3617 2204 3668 de
2221 3617 2407 3672 4444444724
2426 3619 2478 3670 48

615 3713 721 3782 aliquod
741 3723 855 3782 tempus,
872 3713 906 3764 ad
925 3713 996 3778 quod
1015 3713 1057 3764 4444
1070 3727 1122 3766 non
1135 3713 1251 3776 obligan-
1290 3719 1400 3770 persona
1419 3705 1569 3758 salvandal
1590 3707 1641 3758 703
1656 3721 1679 3758 a.
1700 3707 1751 3758 709
1767 3707 1783 3758 44
1800 3737 1830 3746 -
1844 3721 1922 3774 quan·
2012 3737 2046 3744 -
2065 3707 2172 3758 includit
2192 3711 2355 3772 propositum
2369 3715 2515 3776 aeternum,
2530 3715 2595 3762 tem*

614 3811 655 3856 tur
674 3803 705 3856 tv
722 3803 771 3854 446
786 3817 849 3854 a·-
863 3803 1011 3868 negativum
1026 3801 1124 3866 tthligat
1143 3815 1250 3866 semper
1289 3793 1395 3848 tumaci
1415 3795 1556 3860 principata
1582 3795 1755 3860 significatum
1776 3803 1813 3848 εει
1833 3797 1920 3848 divina
1961 3797 2077 3860 paratam
2104 3797 2328 3864 gratificationem,
2346 3803 2478 3848 aeternam
2499 3799 2593 3862 glorifi-

613 3899 637 3944 et
656 3893 687 3944 ad
707 3905 813 3956 semper
831 3893 840 3944 l
864 3889 916 3944 856
935 3905 957 3942 4.
980 3890 1009 3942 444
1025 3891 1075 3942 846
1097 3907 1119 3944 a.
1139 3891 1172 3944 lv
1198 3889 1248 3944 446
1287 3885 1412 3948 essentia,
1432 3889 1557 3950 quantum
1579 3887 1611 3936 44
1630 3891 1796 3936 coarctatum
1814 3897 1855 3938 εει
1866 3899 1923 3950 gra·
1961 3885 2113 3938 cationeml
2135 3885 2185 3936 729
2207 3899 2220 3938 a
2237 3889 2358 3938 -circa
2375 3887 2594 3950 praedestinatum

614 3977 641 4034 4*
660 4009 693 4018 -
713 3983 833 4046 negativa
860 3983 922 4032 strat
943 3979 1137 4032 universalioris
1152 3977 1246 4046 obliga·
1288 3975 1319 4024 tia
1340 3981 1365 4026 ει
1383 3971 1466 4036 gloria
1485 3971 1510 4022 444
1533 3971 1584 4024 245
1603 3987 1659 4036 arg.
1678 3971 1703 4022 4.
1724 3971 1806 4024 2464
1829 4001 1863 4012 -
1883 3987 1922 4024 ra·
1960 3973 2082 4038 importat
2100 3971 2279 4026 habitudinem
2297 3971 2404 4028 allectus
2422 3975 2457 4026 ad
2475 3989 2592 4040 causam,

611 4071 785 4136 lionisquam
804 4069 957 4120 affirmativa
980 4067 1079 4118 444825
1099 4069 1188 4130 arei
1288 4063 1356 4112 tione
1373 4061 1524 4126 principalis
1548 4061 1683 4124 significati
1713 4065 1750 4112 εει
1773 4061 1920 4126 exemplar,
1959 4063 2160 4124 acceptationem
2180 4075 2227 4124 per·
2240 4063 2351 4126 gratiam
2364 4071 2391 4114 ει
2403 4063 2593 4116 inchoationem

665 4187 697 4196 -
722 4159 873 4220 negativum
899 4163 936 4208 εει
960 4155 1080 4208 lacilioris
1106 4157 1249 4208 observatr-
1287 4149 1333 4202 sed
1352 4151 1451 4202 ratione
1476 4151 1606 4202 connotati
1633 4155 1671 4202 εει
1696 4151 1869 4214 exemplatum
1891 4149 1920 4202 lll
1959 4149 2045 4214 quoad
2065 4163 2121 4202 essa
2142 4157 2248 4202 naturae
2269 4151 2295 4202 444
2318 4151 2401 4202 4784

612 4249 662 4300 liae
680 4251 704 4298 ει
724 4247 810 4298 miuus
834 4243 914 4298 inaltet
937 4247 1130 4296 excusationem
1159 4241 1247 4296 44489
1288 4235 1338 4290 246
1359 4235 1386 4290 2*
2011 4265 2046 4274 -
2071 4251 2100 4288 et
2131 4243 2205 4300 parte
2232 4237 2277 4288 Dei
2309 4239 2525 4304 praedestinantis
2555 4245 2594 4292 est

612 4331 637 4386 d.
656 4331 673 4382 7
689 4359 728 4372 ·-
746 4333 864 4394 negativa
878 4329 1053 4382 observantur
1065 4329 1248 4382 declinandos
1339 4355 1373 4364 -
1392 4337 1442 4376 non
1469 4327 1592 4388 importat
1615 4329 1741 4378 actionem
1762 4327 1803 4378 vel
1825 4329 1919 4392 passio·
1959 4325 2035 4376 auius
2053 4325 2159 4378 rationis
2177 4331 2204 4376 at
2221 4327 2361 4380 conlormis
2382 4327 2454 4378 modi
2473 4325 2594 4394 respectu

612 4421 681 4472 malo
699 4421 729 4472 444
747 4419 800 4470 845
818 4420 837 4472 i.
857 4421 870 4472 2
1286 4427 1346 4466 narn
1364 4413 1509 4466 secuudum
1530 4427 1601 4480 rem,
1622 4415 1668 4466 scd
1697 4419 1795 4466 tantum
1817 4429 1931 4480 praeco·
1958 4415 2076 4466 omnium
2094 4415 2122 4466 lll
2144 4411 2194 4466 244
2213 4429 2225 4466 4
2245 4425 2425 4482 -quantum
2447 4417 2478 4468 ad
2499 4419 2595 4482 princi·

665 4533 698 4544 --
719 4507 836 4558 divinum
863 4505 1039 4556 determinans
1061 4503 1248 4556 (4444444544-
1286 4503 1500 4568 gnicionem'sine
1515 4505 1599 4556 active
1616 4505 1673 4556 sive
1687 4505 1877 4568 passivetita
1893 4499 1920 4554 2*
1958 4503 2016 4566 pale
2039 4503 2215 4566 significatum
2242 4517 2335 4558 omnes
2363 4517 2445 4556 tritum
2473 4513 2533 4558 sunt
2562 4507 2617 4560 lll¹

612 4601 656 4662 gat
675 4595 706 4646 ad
728 4601 853 4646 actutuet
870 4593 1027 4646 admodum
1047 4593 1138 4646 444643
1163 4595 1246 4660 arga
1287 4619 1319 4628 -
1340 4605 1389 4644 non
1410 4595 1649 4656 porritremsuam
1669 4593 1693 4642 in
1721 4593 1919 4656 praedestinato,
1958 4589 2008 4642 246
2028 4607 2051 4656 4,
2071 4589 2106 4658 2*,
2129 4589 2165 4642 3*.
2190 4591 2241 4644 247
2267 4591 2424 4646 44-4444ε
2446 4589 2496 4645 (444
2518 4607 2593 4658 prae·

666 4685 789 4736 -'Fiuis
811 4683 940 4748 praecepti
965 4685 1100 4746 proximus
1123 4687 1164 4732 εει
1187 4681 1248 4734 obe·
1286 4681 1374 4730 sedin
1397 4679 1603 4744 praedestinante
1627 4679 1656 4730 444
1680 4681 1731 4732 482
1754 4679 1918 4732 4*-Αει(4
1958 4679 2308 4744 destinavitnosaspiciens
2336 4683 2368 4734 ad
2395 4683 2502 4748 aliquod
2522 4685 2590 4736 aliud

612 4773 720 4836 diendo,
740 4785 807 4836 quae
820 4779 907 4824 tamen
921 4771 1055 4822 ordinatur
1067 4771 1102 4822 ad
1115 4765 1264 4824 caritatem
1287 4769 1348 4820 ultril
1367 4769 1438 4832 pontt
1458 4769 1503 4820 nisi
1526 4769 1608 4820 Deum
1628 4769 1637 4820 l
1656 4769 1707 4820 703
1729 4765 1755 4819 4*
1960 4783 1971 4818 4
1991 4781 2033 4834 se,
2052 4769 2099 4820 sed
2118 4771 2328 4838 unumquodque
2341 4771 2470 4836 praevidit
2483 4773 2509 4822 in
2529 4787 2557 4822 se
2570 4776 2595 4824 et

613 4861 629 4912 ll
650 4859 700 4912 895
720 4859 746 4910 d.
765 4861 781 4910 2
1339 4885 1373 4898 -·
1393 4865 1513 4910 connotat
1538 4859 1669 4910 hominem
1697 4863 1725 4910 ut
1752 4857 1921 4922 praeordina·
1960 4855 2087 4920 disposuit
2104 4859 2250 4910 secundum
2270 4861 2397 4910 rationem
2416 4861 2551 4922 propriam
2565 4861 2593 4912 tll

665 4975 698 4988 »-
718 4949 805 5000 diuina
824 4961 875 5000 non
895 4953 954 5000 sunt
968 4947 1136 5012 impossibilia
1153 4949 1180 5000 lll
1195 4949 1246 5000 643
1286 4955 1356 5012 tum,
1374 4947 1485 5012 gratiam
1511 4949 1683 5000 dicationem
1709 4947 1919 5012 praeeminendi,
1960 4943 2010 4994 246
2030 4961 2042 4998 4
2061 4973 2097 4986 -
2114 4947 2182 4998 luter
2201 4947 2449 5010 praedestinationes
2468 4961 2499 5000 ex
2519 4955 2592 5012 parte

611 5037 700 5100 arg.2
727 5033 789 5090 Vt'de
806 5035 831 5088 V.
845 5033 1008 5102 imposibile
1022 5045 1047 5088 ει
1064 5037 1092 5090 V.
1106 5035 1247 5092 44444444.
1286 5035 1395 5100 gloriam
1425 5039 1452 5086 ut
1481 5037 1606 5086 rationem
1635 5033 1719 5088 tinisl
1746 5037 1798 5088 747
1818 5035 1846 5088 b.
1863 5037 1920 5086 722
1959 5037 2085 5086 connotati
2103 5037 2160 5086 sive
2177 5037 2285 5088 attactus
2297 5043 2338 5088 εει
2349 5037 2477 5088 distinctio
2498 5045 2524 5090 et
2536 5043 2594 5102 pot·

663 5127 805 5176 -omnia
827 5125 989 5178 reducuntur
1013 5125 1199 5178 adcaritatem
1223 5131 1247 5176 ει
1286 5123 1310 5176 4.
1331 5123 1342 5174 4
1364 5123 1508 5174 -Solom
1535 5123 1575 5174 ille
1600 5123 1644 5190 qui
1664 5125 1862 5188 praeordinatur
1882 5123 1920 5175 di·
1958 5129 1995 5174 εει
2015 5137 2071 5174 esse
2090 5121 2266 5186 ordot'lr.l*‚
2286 5123 2316 5174 3*

612 5215 636 5264 44
656 5213 695 5264 illa
722 5219 937 5264 consummantur
968 5215 995 5264 lll
1013 5213 1065 5264 592
1088 5213 1248 5266 4*-ε(444
1286 5213 1352 5264 citur
1370 5211 1578 5276 praedestinatus
1597 5211 1675 5264 4722
1694 5211 1750 5264 4.4
2015 5239 2043 5248 ·-
2063 5221 2102 5264 εει
2119 5213 2226 5264 scientia
2244 5213 2270 5264 in
2289 5213 2484 5276 comparatione
2504 5213 2537 5266 ad
2557 5217 2594 5266 el-

613 5303 690 5354 multa
712 5315 758 5366 per
779 5303 953 5354 diversitatem
973 5305 1076 5368 operis,
1098 5301 1143 5356 sed
1166 5315 1245 5354 onum
1338 5327 1372 5338 —
1391 5301 1417 5350 ln
1437 5299 1672 5362 praedestinatione
1690 5307 1729 5354 est
1742 5303 1920 5368 praecognitio
1960 5297 2039 5350 lectus
2051 5301 2076 5350 in
2096 5299 2232 5352 efficiendo
2251 5309 2369 5364 respectu
2391 5309 2497 5354 naturae
2513 5299 2595 5354 'ratio-

519 5381 522 5386 ‘
611 5393 635 5444 iu
656 5391 743 5444 radice
761 5391 906 5444 dilectionis
933 5387 994 5446 iiic.
1024 5389 1086 5444 Vide
1115 5389 1143 5444 V.
1173 5387 1247 5444 Ouri-
1280 5397 1309 5442 ει
1328 5389 1449 5442 arctantes
1475 5389 1593 5440 salvandi
1619 5391 1628 5440 l
1658 5389 1709 5440 849
1729 5405 1784 5454 arg.
1804 5391 1819 5440 3
1840 5419 1873 5430 -
1894 5393 1919 5442 44
1959 5387 2118 5438 4444444645
2145 5387 2169 5438 (4.
2189 5389 2205 5438 3
2224 5415 2260 5426 -
2279 5399 2400 5442 controtat
2422 5391 2543 5443 ellectum
2567 5393 2593 5444 tn

612 5477 794 5546 tos-effectus.
1287 5477 1521 5542 praedestinatione
1548 5477 1676 5530 clauditur
1703 5479 1824 5530 votrrntas
1843 5479 1921 5532 abso·
1958 5475 2093 5528 efficiendo
2115 5473 2243 5542 errantum
2270 5477 2302 5528 ad
2324 5477 2420 5530 bunum
2442 5479 2601 5544 strperaddi-·

665 5573 764 5620 -tria
785 5569 843 5620 data
869 5567 961 5634 primis
986 5567 1136 5622 nominibus
1154 5569 1179 5618 in
1206 5583 1248 5632 pa·
1286 5567 1350 5632 luta,
1375 5579 1426 5618 non
1445 5571 1545 5618 tantum
1563 5567 1721 5618 antecedens
1739 5567 1746 5618 l
1767 5567 1812 5618 824
1840 5565 1866 5619 4*
1887 5593 1920 5602 -
1959 5567 2132 5618 tumnaturae
2151 5561 2213 5618 ttici.
2230 5569 2390 5632 -proprie
2407 5573 2447 5618 est
2465 5567 2499 5618 de
2519 5567 2594 5622 bonis

611 5655 697 5708 radiso
719 5659 736 5708 ll
755 5655 805 5708 489
824 5657 885 5708 (4.7
906 5685 939 5696 -
960 5657 996 5708 De
1022 5665 1164 5722 praecepto
1184 5657 1246 5708 mul·
1286 5657 1392 5720 proprie
1412 5659 1449 5704 est
1475 5657 1638 5720 praeparatio
1667 5661 1794 5720 quantum
1822 5639 1855 5706 ad
1874 5669 1919 5706 vo·
1958 5651 2139 5720 salutaribus}
2160 5653 2211 5706 847
2231 5655 2286 5708 (4.4
2311 5657 2510 5720 -simpliciter
2526 5657 2592 5710 dicta

611 5741 774 5808 tiplicationis
811 5745 908 5808 speciei
943 5743 1002 5798 cide
1043 5743 1070 5796 l'.
1107 5741 1247 5798 444444444-
1286 5743 1409 5794 luntatem
1427 5743 1623 5794 antecedentem
1652 5747 1677 5792 ει
1700 5747 1918 5810 consequentem,
1959 5735 2333 5808 prrietar‘praeordinationem
2361 5745 2422 5798 dicit
2445 5753 2593 5810 respectum

554 5895 556 5900 y
611 5831 687 5886 44444
704 5827 734 5884 9.
1286 5837 1410 5894 quaeest
1434 5829 1563 5880 bonorum
1584 5835 1683 5880 tantum
1703 5831 1711 5878 l
1735 5827 1831 5882 alid.
1853 5831 1860 5882 4
1886 5857 1920 5868 -
1958 5823 1989 5882 44
2015 5835 2123 5896 gratiam
2144 5833 2297 5898 etgloriam
2317 5837 2345 5886 444
2366 5833 2415 5886 480
2438 5835 2472 5886 4*.
2494 5835 2544 5886 432
2565 5833 2594 5886 3*

662 5945 697 5958 -
716 5921 776 5972 Plus
795 5919 918 5972 standum
935 5923 976 5970 εει
1002 5927 1143 5984 praecepto
1172 5931 1248 5980 prae·
1286 5917 1356 5978 large
1373 5915 1470 5966 dicitur
1494 5917 1572 5966 etiam
1601 5915 1633 5966 de
1659 5919 1857 5980 praeparatione
1882 5933 1919 5970 se·
1960 5947 1990 5958 -
2011 5921 2132 5984 importat
2160 5923 2258 5984 gratiae
2285 5921 2447 5974 collationem
2472 5927 2593 5988 respectu

609 6009 651 6062 lati
673 6023 752 6074 quarn
772 6011 894 6072 propriae
914 6009 1085 6060 conscientiae
1100 6007 1117 6060 li
1136 6005 1228 6056 90744
1285 6005 1401 6056 cundum
1412 6005 1776 6068 quamcuntquevuluntatem
1787 6007 1839 6072 044,
1851 6023 1919 6074 quae
1957 6011 2022 6072 eius,
2046 6013 2166 6074 respectu
2195 6013 2270 6062 cuius
2296 6011 2418 6076 importat
2441 6015 2594 6064 antecessio-

663 6087 853 6152 Pnsecter'ntrro
872 6125 906 6136 -
926 6095 1246 6162 nonestpeceatum‚sed
1284 6101 1321 6146 ast
1342 6093 1470 6144 malornm
1488 6089 1549 6144 t'ltr'd.
1567 6101 1692 6146 -esta
1714 6095 1918 6150 noluntatecon-
1958 6113 2017 6152 nam
2038 6097 2067 6148 tll
2094 6095 2193 6150 4804*
2216 6127 2247 6138 ·-
2269 6099 2369 6164 Quanto
2390 6101 2472 6150 maior
2495 6101 2591 6168 gratia,

610 6189 696 6252 magis
711 6197 861 6252 symptoma
879 6185 936 6238 sive
954 6185 1059 6252 sequela
1088 6201 1119 6238 ex
1139 6193 1262 6248 peccato
1285 6185 1409 6248 sequente
1426 6181 1526 6232 ratione
1545 6181 1615 6232 veliti
1635 6183 1720 6234 solum
1739 6185 1747 6234 l
1767 6181 1818 6236 729
1840 6183 1867 6236 3*
1958 6191 2028 6240 tanto
2046 6171 2129 6236 maior
2147 6187 2291 6240 secundum
2308 6189 2377 6240 illam
2393 6187 2593 6252 praedestinatio

611 6275 732 6328 derelicta
752 6275 780 6326 lll
800 6275 851 6326 736
870 6275 887 6328 44
907 6275 1248 6340 sq.--Contrapraccipi·
1339 6299 1372 6308 -
1392 6283 1442 6322 nott
1462 6269 1635 6322 cstomnictn
1657 6273 1920 6338 nominumsedso·
1958 6277 1985 6328 444
2006 6275 2051 6326 484
2078 6275 2181 6326 42-
2204 6277 2318 6342 pouitin
2338 6269 2592 6330 actuvelinlrabitu

611 6365 733 6418 tationem
750 6371 791 6416 εει
809 6365 907 6416 donum
927 6363 1025 6416 consilii
1046 6361 1107 6416 tciri.
1124 6361 1210 6414 7454
1285 6361 1338 6412 lum
1357 6359 1543 6412 salvandorum
1561 6359 1569 6410 l
1589 6355 1641 6410 744
1661 6357 1918 6416 il-esttantom
1958 6365 2056 6416 bouum
2083 6367 2253 6428 praestantius
2279 6367 2359 6428 gratia
2384 6367 2527 6428 praesentis
2555 6367 2594 6418 iu-

664 6449 759 6502 944444
781 6477 813 6488 -
833 6463 883 6502 noa
904 6447 984 6502 hahet
1001 6455 1156 6514 potestatem
1175 6449 1247 6512 prin·
1285 6449 1453 6502 bonorumet
1467 6449 1584 6500 omnium
1604 6447 1753 6502 bonoruml
1768 6449 1818 6502 746
1842 6449 1869 6502 4*
1883 6479 1918 6492 -
1957 6453 2038 6506 stitiae
2057 6455 2065 6504 l
2086 6451 2137 6504 724
2157 6451 2182 6504 4.
2206 6455 2220 6506 8

609 6539 726 6602 cipaliter
744 6537 777 6590 lV
798 6539 849 6590 306
869 6553 882 6590 4
1286 6539 1354 6590 Deus
1371 6551 1423 6590 non
1442 6539 1497 6590 volt
1517 6537 1617 6588 salvare
1646 6539 1692 6588 nisi
1713 6539 1920 6604 praedestinatos
2011 6569 2043 6578 -
2056 6541 2166 6592 Etlectus
2180 6541 2421 6604 praedestinationis
2434 6557 2448 6592 a
2463 6541 2519 6594 solo
2537 6543 2592 6594 Deo

662 6627 875 6680 pmcnesrruarto
899 6651 936 6662 —
963 6627 1023 6678 dicit
1048 6625 1168 6678 divinum
1188 6639 1247 6690 pro·
1285 6627 1372 6678 44287
1392 6627 1410 6678 4.
1430 6627 1445 6676 2
1956 6635 1994 6680 εει
2014 6637 2138 6694 tanquam
2158 6643 2170 6678 a
2191 6631 2320 6694 principio
2334 6631 2453 6682 ellectlvo
2465 6629 2493 6682 lll
2508 6629 2591 6682 24744

609 6715 724 6780 positum
750 6713 832 6766 4703
860 6713 897 6766 dl.
915 6713 963 6764 734
988 6717 1003 6764 l.
1023 6715 1050 6764 3.
1067 6715 1098 6766 444
1116 6713 1169 6766 243
1188 6727 1247 6780 arg.
1336 6715 1452 6766 -dicit
1471 6713 1679 6778 praecessionem
1702 6715 1919 6780 praedestinantis
1956 6745 1990 6758 -·-
2011 6719 2119 6770 lillectus
2139 6725 2240 6770 nestrae
2260 6719 2502 6782 praedestinationis
2516 6717 2594 6770 habet

609 6803 633 6866 3,
653 6803 670 6854 2
688 6829 725 6842 -
743 6807 782 6854 εει
809 6803 1003 6866 praeordinatio
1034 6801 1119 6854 4704
1144 6817 1202 6866 arg.
1223 6803 1245 6854 4.
1285 6801 1317 6854 ad
1337 6801 1588 6866 praedestinatum!
1614 6799 1666 6852 702
1685 6803 1702 6854 4.
1724 6801 1745 6854 4.
1766 6803 1816 6854 703
1837 6819 1860 6866 4,
1880 6801 1920 6854 3*.
1957 6805 2088 6872 quandam
2107 6805 2226 6856 ordinem
2255 6807 2287 6858 ad
2312 6809 2432 6860 ellectum
2453 6805 2593 6870 praedesti·

608 6891 660 6944 722
680 6889 706 6942 4.
727 6893 738 6942 4
762 6917 797 6930 -·
814 6897 941 6956 quantum
961 6891 996 6944 ad
1014 6891 1157 6956 principale
1170 6891 1247 6956 signi·
1285 6893 1311 6944 444
1332 6891 1382 6944 477
1403 6891 1455 6942 43
1475 6919 1509 6928 --
1529 6889 1592 6944 dicit
1609 6893 1809 6944 antecessionem
1825 6893 1919 6944 444480
1957 6893 2066 6944 nationis
2085 6891 2177 6946 Citristi
2198 6895 2297 6946 444246
2319 6893 2347 6946 4*
