5784 8384
308 615 375 684 444
1058 613 1059 616 ’
1151 613 1268 680 INDEX
1291 613 1483 680 SECUNDUS
1562 671 1563 676 ,

600 705 654 756 tttts
1952 701 2019 756 lton

307 815 331 828 ν
362 821 395 832 -
414 793 511 858 Filius,
528 799 608 858 prout
629 791 672 844 dat
691 789 950 856 sapientiam,datur
988 789 1042 840 lunt
1063 789 1209 854 proiectum
1240 789 1266 840 in
1292 789 1374 854 gratia
1402 789 1478 852 prins
1498 787 1582 842 babila
1602 795 1628 842 et
1714 815 1752 836 -—
1769 789 1823 842 Filii
1843 791 1869 842 in
1886 803 1993 844 carnem
2012 789 2210 844 estsecnndunr
2231 789 2304 842 nnio-

305 895 360 948 pcr
378 881 447 936 dona
458 881 566 946 *gratiae
583 885 689 946 gratnm
708 879 845 932 iacientisl
860 877 911 944 276
933 877 949 930 b
986 879 1044 930 eius
1064 891 1113 930 usu
1133 875 1168 930 ib.
1188 877 1205 930 b
1223 903 1260 918 ι·-
1277 877 1390 942 Spiritus
1418 883 1523 930 sanctus
1544 883 1629 942 potest
1664 891 1724 930 nem
1745 879 1908 942 personalem
1928 879 1956 932 lll
1973 879 2003 932 43
2016 877 2095 930 6*-
2108 879 2131 930 44
2146 891 2251 930 carnem
2265 883 2304 930 est

305 981 342 1010 ’-
371 971 480 1036 Spiritus
510 975 624 1034 sanctus,
643 969 669 1020 in
698 975 825 1034 quantum
842 969 951 1020 sanctus
987 965 1038 1018 diei
1059 967 1125 1016 mitti
1142 967 1167 1016 in
1188 957 1331 1030 augmento
1360 965 1458 1030 gratiae
1487 977 1534 1030 per
1553 963 1629 1018 cofla-
1664 965 1810 1018 secundum
1835 969 1944 1032 gratiam
1975 969 2076 1020 unionis
2102 967 2130 1020 lff
2162 967 2193 1020 43
2223 965 2250 1018 4*
2269 993 2305 1002 -

306 1059 348 1110 vel
368 1057 544 1122 sanctificans,
573 1055 650 1110 datur
679 1071 726 1122 per
756 1053 825 1108 dona
850 1055 950 1120 gratiae
989 1055 1084 1106 tionem
1105 1053 1465 1118 novidonlrelnovinsus,
1483 1053 1629 1120 quoabun·
1664 1053 1742 1104 Filius
1760 1055 1881 1120 mittitur,
1901 1069 1962 1106 cum
1991 1059 2107 1108 nascitur
2127 1053 2305 1120 temporaliter

307 1147 410 1212 gratum
432 1145 546 1198 incientis
566 1143 628 1198 4444
645 1173 683 1184 -··
701 1145 815 1210 Spiritus
840 1149 948 1196 sanctus
989 1143 1091 1194 dontius
1110 1147 1148 1194 est
1168 1143 1193 1194 in
1211 1143 1299 1194 anima
1318 1137 1390 1206 4444,
1418 1139 1453 1192 4*.
1475 1139 1525 1194 274
1546 1139 1575 1192 3*
1592 1167 1628 1182 ι·-
1666 1139 1821 1194 447444
1843 1169 1875 1180 -
1895 1143 2047 1196 Secundum
2071 1145 2225 1196 missionem
2243 1143 2302 1194 visi·

307 1233 458 1300 simpliciter
475 1233 554 1286 datur
582 1233 616 1286 ad
644 1233 814 1298 babendum,
840 1231 949 1300 quando
989 1231 1101 1296 Spiritus
1128 1237 1235 1284 sanctus
1262 1231 1326 1282 mitti
1355 1243 1405 1282 non
1428 1231 1521 1282 dicitnr
1540 1231 1565 1280 in
1584 1243 1628 1282 au·
1665 1227 1744 1282 bilem
1762 1229 1841 1282 Filius
1859 1237 1897 1284 est
1917 1231 1998 1284 lactus
2022 1245 2054 1286 ert
2078 1233 2187 1284 muliere
2215 1245 2304 1286 secun·

307 1319 548 1376 daturcaritast'b.
566 1323 581 1374 f.
608 1323 635 1376 l.
662 1321 708 1376 474
736 1321 764 1374 4*
782 1319 950 1384 -Spfritus
989 1323 1095 1382 gmento
1125 1319 1251 1384 fervoris,
1280 1317 1327 1370 sed
1357 1317 1442 1370 solum
1467 1317 1628 1370 substantiae
1666 1317 1729 1368 dnm
1748 1317 1889 1370 humanam
1911 1323 2030 1370 naturam
2049 1321 2057 1372 l
2077 1321 2127 1372 468
2150 1319 2301 1376 dli-Fr·

306 1417 410 1464 sanctus
441 1409 604 1464 invisibiliter
635 1413 759 1476 mittitur,
787 1407 895 1476 quando
924 1407 949 1458 ln
988 1407 1101 1458 caritatis
1121 1405 1200 1458 4274
1221 1405 1383 1458 4*-64441
1403 1407 1629 1458 abbocestuni·
1665 1407 1736 1458 44444
1760 1419 1867 1458 carnem
1891 1407 2040 1460 secundum
2063 1411 2190 1462 rationem
2216 1407 2304 1462 intelli·

311 1497 387 1554 nobis
404 1501 483 1552 eflicit
503 1513 621 1554 amorem
641 1503 648 1554 l
668 1501 715 1552 434
749 1497 820 1548 4)-
837 1495 951 1560 Spiritus
987 1495 1122 1560 formiter,
1140 1495 1188 1548 sed
1206 1495 1272 1546 mitti
1293 1497 1318 1546 in
1337 1497 1388 1546 boc
1409 1501 1449 1548 est
1477 1497 1563 1560 magis
1586 1493 1628 1548 vel
1666 1495 2046 1560 gendipraeceditbumanam
2065 1501 2184 1550 naturam
2204 1503 2233 1550 nt
2250 1497 2304 1548 iam

308 1595 412 1642 sanctus
446 1591 569 1656 mittitur,
599 1587 824 1656 quandocumque
854 1587 949 1638 caritas
989 1583 1077 1636 minus
1095 1581 1362 1636 abundantcrlliit
1382 1579 1410 1634 4*
1551 1629 1552 1632 ,
1642 1583 1762 1634 4444444
1785 1583 1791 1634 l
1811 1583 1864 1636 268
1883 1581 1908 1634 b.

307 1677 409 1732 daturi
431 1679 482 1730 272
504 1677 557 1730 tf
728 1685 735 1696 ·
1043 1701 1076 1710 -
1094 1669 1212 1724 visibilis
1232 1679 1270 1726 est
1289 1673 1421 1738 apparitio
1439 1671 1503 1726 facta
1523 1673 1550 1724 44
1562 1677 1628 1724 exte·
1718 1699 1752 1710 -
1770 1671 1823 1724 Filii
1844 1671 1953 1724 visibilis
1973 1673 2106 1736 propriam
2119 1677 2145 1726 et
2165 1677 2303 1726 maximam

359 1767 492 1818 -Filius
511 1769 535 1818 et
555 1767 666 1830 Spiritus
695 1767 801 1816 sanctus
828 1773 881 1814 non
906 1761 950 1812 da·
986 1761 1050 1814 riori
1069 1761 1160 1826 signo,
1182 1775 1229 1824 per
1249 1761 1320 1828 qnod
1349 1769 1510 1816 monstratur
1538 1761 1628 1814 missio
1665 1757 1755 1812 babuit
1773 1759 1908 1812 utilitatem
1933 1761 1941 1812 l
1968 1761 2013 1812 281
2039 1761 2218 1814 a-estad
2237 1761 2304 1812 redi·

308 1861 348 1908 tur
369 1853 534 1918 simpliciter,
556 1851 602 1904 sed
623 1851 654 1904 44
683 1853 746 1918 boc,
774 1849 883 1916 quando
907 1851 950 1902 all·
988 1849 1192 1902 interieritis
1212 1863 1283 1902 a-
1303 1849 1413 1902 visibilis
1440 1857 1479 1902 est
1498 1851 1627 1914 apparitio
1666 1847 1791 1900 mendum
1819 1851 1952 1902 bominem
1983 1849 2114 1914 perditum
2143 1847 2177 1902 t'b.
2196 1849 2214 1902 i.
2234 1851 2248 1902 3
2268 1875 2305 1888 -

309 1957 361 2010 qua
383 1941 452 1994 dona
470 1941 571 2006 gratiae
588 1941 670 2006 gratis
686 1941 760 1992 datae
772 1937 903 1990 donantur
916 1937 949 1990 ati
988 1953 1117 2004 personae
1135 1945 1164 1992 trt
1185 1939 1278 2002 signati
1299 1939 1323 1990 in
1349 1939 1453 2004 signal
1474 1937 1524 1990 474
1547 1935 1574 1990 3*
1591 1965 1628 1976 -
1664 1937 1689 1986 44
1709 1949 1814 1988 caruem
1835 1939 1881 1990 fuit
1899 1937 1933 1992 ad
1952 1937 2135 1992 redimendum
2151 1941 2304 1992 aservituta

307 2031 431 2082 auxilium
451 2031 509 2082 sive
535 2029 570 2082 ad
596 2029 711 2096 aliquem
731 2039 810 2082 usum
829 2026 836 2077 l
858 2025 949 2078 27644
989 2025 1098 2080 visibilis
1117 2031 1170 2092 esi,
1188 2039 1242 2094 qua
1261 2025 1329 2078 Dens
1349 2027 1518 2090 cognoscitur
1538 2025 1627 2090 persi·
1665 2025 1691 2077 fff
1712 2025 1746 2076 36
1764 2023 1848 2076 5*-
1867 2027 1891 2076 44
1913 2039 2017 2078 carnem
2048 2029 2192 2080 necessaria
2213 2035 2250 2082 est
2269 2027 2303 2080 44

306 2145 342 2158 ·-
367 2119 478 2184 Spiritus
507 2121 613 2170 sanctus
641 2129 692 2168 non
719 2115 828 2182 proprie
855 2115 950 2166 dicitur
989 2129 1071 2182 gnum
1089 2115 1212 2168 sensibile
1240 2115 1249 2166 f
1276 2115 1327 2166 484
1349 2111 1377 2166 4*
1394 2143 1431 2154 -
1448 2113 1561 2166 visibilis
1578 2127 1627 2176 pet
1664 2113 1865 2166 satisfactionem
1884 2114 1913 2166 lll
1932 2115 1965 2166 26
1986 2113 2013 2166 4*

308 2205 364 2268 dari
391 2205 434 2258 vel
462 2207 527 2259 mitti
557 2205 736 2270 invisibiliter,
764 2205 790 2256 in
820 2209 948 2270 quantum
988 2205 1062 2268 signa
1080 2201 1213 2256 sensibilia
1226 2203 1380 2256 manuducit
1398 2203 1432 2256 ad
1451 2203 1627 2268 cognitionem
1716 2203 1803 2254 -acf
1822 2201 1980 2254 salvandum
1998 2203 2046 2254 soli
2065 2203 2119 2256 Deo
2133 2211 2219 2268 potest
2231 2217 2300 2258 com·

307 2295 436 2362 Spirittm,
455 2293 623 2358 pardonum
646 2295 747 2358 gratiae
773 2293 855 2358 gratis
875 2291 949 2344 datae
989 2291 1092 2344 divinae
1112 2293 1274 2358 praesentiae
1294 2295 1302 2346 l
1322 2291 1369 2344 484
1393 2291 1412 2344 4.
1430 2293 1455 2356 2,
1480 2291 1494 2344 4
1512 2317 1548 2332 --
1567 2291 1627 2344 visi·
1664 2295 1752 2356 petere
1770 2293 1790 2344 ll
1809 2291 1861 2342 462
1880 2289 1910 2342 3*
1927 2319 1962 2328 -
1987 2305 2040 2342 non
2057 2293 2170 2344 excludit
2188 2295 2301 2346 44444444-

308 2381 372 2438 ibid.
389 2413 424 2422 —
446 2385 558 2448 Spiritus
575 2390 683 2436 sanctus
701 2395 754 2434 non
772 2383 889 2446 proprie,
901 2381 948 2432 sed
989 2380 1048 2432 bilis
1065 2385 1105 2432 est
1124 2381 1191 2432 utilis
1210 2385 1319 2446 propter
1337 2379 1476 2432 credentes
1493 2379 1628 2432 sensibiles
1665 2381 1733 2432 rium
1751 2379 1912 2444 Angelorum
1931 2381 1998 2432 circe
2019 2393 2067 2430 nos
2086 2381 2104 2432 ll
2123 2379 2175 2434 466
2194 2379 2225 2432 4*

307 2475 481 2526 communiter
509 2471 605 2526 dicitur
633 2471 713 2538 mitti,
746 2469 852 2538 qnando
872 2469 950 2522 datur
989 2483 1035 2534 per
1053 2471 1127 2534 signa
1145 2469 1366 2522 manuducendos
1391 2469 1426 2520 ad
1454 2467 1626 2534 intelligibilia
1715 2495 1752 2508 -
1770 2471 1877 2534 proprie
1895 2469 1958 2522 dicit
1982 2469 2123 2532 imperium
2147 2476 2172 2521 et
2190 2469 2303 2522 auctori·

308 2561 340 2614 44
359 2561 547 2614 miraculorum
568 2559 748 2626 operationem
767 2559 946 2624 pergratiam
988 2555 1020 2610 ib.
1040 2557 1068 2622 b,
1088 2557 1119 2610 4*
1134 2557 1300 2610 -visibilis
1327 2571 1379 2610 non
1397 2557 1512 2610 excludit
1530 2557 1626 2622 angeli·
1664 2563 1752 2624 tatem,
1780 2559 1924 2624 improprie
1949 2563 2037 2610 autem
2061 2559 2262 2622 permissionem
2283 2559 2300 2612 ff

308 2651 389 2714 gratis
407 2649 496 2700 datam
517 2649 523 2700 f
545 2649 591 2702 474
619 2647 645 2700 4*
988 2661 1047 2700 cum
1067 2649 1239 2700 ministerium
1259 2649 1284 2698 in
1304 2649 1466 2712 apparitione
1487 2649 1494 2700 l
1512 2645 1602 2700 27344
1665 2645 1716 2700 273
1736 2645 1793 2700 44

361 2737 468 2790 —Filii
489 2741 514 2790 et
532 2737 644 2802 Spiritus
664 2733 897 2790 sanctiinvisibilis
911 2751 949 2788 se·
1039 2763 1074 2776 -
1091 2735 1202 2790 visibilis
1223 2735 1284 2790 dicit
1305 2723 1540 2790 manifestationem
1565 2749 1625 2788 cum
1736 2737 1839 2788 iltrtras
1860 2761 1896 2774 ·-
1923 2741 1962 2788 est
1988 2733 2121 2788 beatitudo
2148 2747 2303 2800 correspon-

310 2825 426 2880 cundum
447 2827 515 2878 dona
534 2829 596 2880 sunt
614 2825 744 2880 indivisae
766 2829 876 2890 propter
894 2827 949 2876 unf-
986 2827 1165 2892 apparitione,
1185 2825 1242 2878 sive
1259 2827 1449 2892 apparitionem
1463 2827 1627 2878 manifestata·
1664 2823 1730 2876 dens
1747 2823 1818 2876 dono
1847 2823 1948 2890 pietatis
1977 2823 2004 2876 lff
2033 2823 2085 2876 785
2111 2823 2126 2874 4.
2148 2825 2163 2876 2
2186 2823 2248 2878 Vide
2272 2823 2301 2876 V.

308 2919 385 2970 tatem
404 2915 501 2968 radicis
518 2921 544 2968 et
564 2917 772 2970 coniunctionem
794 2901 947 2966 donoruml
987 2919 1039 2968 tom
1058 2929 1187 2982 personae
1199 2917 1345 2970 emanantis
1358 2915 1570 2968 inhabitationem
1584 2917 1626 2968 vel
1663 2911 1851 2970 Mansuetudo.

307 3003 357 3056 274
378 3003 394 3056 b
412 3003 546 3056 -Filius
564 3011 588 3056 et
608 3005 718 3070 Spiritus
737 3009 841 3056 sanctus
862 3003 948 3054 dicun·
987 3003 1152 3058 inhabitantis
1180 3007 1371 3058 emanationem
1400 3003 1481 3056 4273
1499 3019 1512 3054 4
1533 3019 1572 3072 sq.
1591 3033 1625 3042 -
1716 3005 1833 3056 linctum
1851 3031 1885 3042 -
1906 3003 1980 3070 quasi
1999 3001 2148 3068 pronihilo
2166 3005 2302 3070 reputatur

307 3097 348 3144 tur
377 3093 443 3144 mitti
470 3093 498 3142 itt
524 3093 619 3144 ellectu
646 3091 697 3144 sibi
722 3091 894 3158 appropriato
914 3087 947 3144 ib.
986 3093 1095 3144 visibilis
1115 3105 1166 3144 non
1185 3099 1224 3144 cst
1252 3091 1383 3158 quaelibet
1409 3093 1538 3158 apparitio
1564 3093 1623 3156 Dei,
1663 3093 1680 3144 li
1701 3091 1790 3144 tttb

307 3193 363 3244 arg.
386 3177 408 3242 4,
430 3179 477 3232 44
503 3207 537 3216 -
557 3177 694 3232 invisibilis
717 3179 772 3230 Filii
793 3183 818 3230 et
835 3177 948 3242 Spiritus
986 3179 1031 3232 sed
1052 3183 1220 3232 manifestans
1239 3179 1625 3246 divinampersonarnutope-
1705 3165 1803 3234 'mouns
1820 3207 1857 3218 ·—
1883 3179 2025 3232 attenditur
2048 3183 2073 3232 in
2103 3181 2221 3246 quolibet
2242 3185 2301 3234 enta

307 3267 387 3320 sancti
406 3271 446 3318 est
464 3267 557 3318 similis
575 3267 582 3318 l
603 3267 689 3318 2644
986 3275 1099 3332 mntem,
1120 3273 1146 3320 ut
1166 3267 1353 3320 inhabitantem
1370 3273 1395 3320 et
1414 3273 1442 3320 ni
1460 3272 1624 3320 emanantem
1663 3271 1749 3318 creato
1778 3267 1796 3320 ll
1821 3267 1872 3318 824
1903 3267 1928 3318 b.
1952 3267 2003 3318 830
2035 3265 2070 3318 4*.
2092 3267 2142 3318 834
2164 3265 2191 3318 4*
2210 3295 2244 3306 -
2263 3273 2302 3320 444

346 3383 394 3394 --·-
415 3355 467 3406 lilii
488 3361 526 3408 est
546 3353 579 3408 44
608 3355 808 3420 illustrandum,
835 3353 947 3420 Spiritus
985 3357 1017 3408 ab
1037 3357 1087 3408 alio
1106 3355 1140 3410 t'b.
1162 3357 1188 3410 b.
1208 3357 1260 3408 486
1280 3355 1310 3408 3*
1663 3355 1777 3408 naturale
1796 3357 1936 3422 unicnique
1955 3361 1981 3408 et
1993 3357 2058 3408 inest
2072 3369 2086 3408 a
2102 3357 2301 3420 primariacon-

306 3443 387 3496 sancti
405 3441 440 3494 ad
459 3441 676 3496 sanctificandum
695 3443 703 3494 l
724 3441 775 3496 475
797 3441 822 3492 ti.
842 3441 946 3494 4-44
1038 3445 1200 3498 -visibilis
1229 3447 1321 3498 excitat
1349 3459 1454 3498 sensum
1482 3445 1513 3498 ad
1535 3459 1625 3512 perce·
1662 3443 1758 3496 ditione
1778 3441 1865 3496 14444
1883 3459 1940 3510 arg.
1961 3443 2120 3496 3-*Omne
2140 3445 2300 3510 finitumba·

307 3531 432 3584 missionc
449 3531 573 3584 invisibili
598 3531 677 3586 datur
704 3531 816 3596 Spiritus
840 3535 946 3582 sanetus
986 3535 1101 3600 ptioncm
1121 3531 1320 3600 intelligibilium
1341 3535 1350 3588 f
1370 3535 1416 3588 484
1440 3535 1457 3586 f.
1478 3535 1488 3586 f
1510 3537 1624 3588 -visf
1662 3531 1705 3584 bet
1725 3533 1935 3586 modumllffiif
1955 3533 1973 3584 f.
1992 3531 2298 3600 u,b-0mna,qood

306 3619 339 3672 44
360 3619 573 3672 sanctificandam
592 3619 947 3674 4444444444145344-
985 3623 1044 3676 bilis
1062 3625 1155 3676 excitat
1182 3623 1338 3676 intellectum
1368 3621 1401 3674 44
1430 3623 1622 3690 inquisitionem
1662 3621 1740 3676 babet
1757 3635 1924 3688 mensuram,
1942 3621 2022 3676 babet
2036 3621 2145 3674 metium
2159 3619 2191 3676 44.
2212 3623 2298 3688 4.4,2

308 3709 420 3774 Spiritus
439 3711 518 3762 sancti
548 3709 687 3762 invisibilis
713 3711 822 3774 proprie
849 3715 888 3762 est
913 3709 945 3762 ad
984 3717 1009 3764 el
1027 3717 1170 3776 praeparat
1187 3711 1220 3762 ad
1241 3711 1428 3764 revelationem
1441 3721 1467 3766 et
1486 3713 1578 3766 excitat
1590 3713 1623 3766 ad
1660 3739 1694 3750 -
1714 3711 1797 3762 Omne
1814 3711 1964 3764 ordinatum
1984 3711 2184 3764 babetmodnm
2205 3709 2299 3766 4444

305 3795 516 3850 sanctificandam
538 3801 698 3864 creaturam,
717 3807 744 3852 et
761 3797 943 3864 aliquomodo
985 3801 1148 3852 dilectionem
1169 3797 1203 3876 ib.
1223 3799 1251 3852 2*
1273 3831 1304 3840 -
1322 3801 1433 3854 visibilis
1462 3801 1535 3854 iuvat
1553 3803 1623 3854 intel·
1712 3827 1749 3840 —
1766 3801 1794 3852 ln
1812 3801 1907 3866 modo,
1926 3801 2014 3864 444444
2033 3807 2058 3854 44
2071 3799 2164 3852 ordine
2182 3801 2299 3854 atttendi·

305 3887 383 3940 etiam
400 3885 512 3938 visibilis
529 3885 592 3940 4444
902 3923 903 3926 ¹
984 3891 1077 3942 lectum
1107 3893 1132 3942 et
1156 3891 1277 3942 aflectum
1298 3903 1346 3954 per
1363 3889 1476 3944 visibilia
1495 3897 1523 3942 nt
1548 3891 1622 3954 signa
1661 3887 2298 3954 444444444441483441,3-4444444,

356 4005 392 4014 —
410 3975 490 4026 Filius
508 3981 531 4026 et
554 3975 664 4040 Spiritus
684 3983 790 4030 sanctus
809 3975 946 4028 mittuntur
984 3983 1008 4032 ef
1026 3977 1131 4030 nutusl
1152 3979 1203 4030 484
1225 3975 1253 4030 3*
1661 3981 1748 4043 specie
1766 3985 1793 4030 et
1809 3977 1903 4032 ordine
1922 3979 2039 4030 consistit
2056 3977 2200 4044 vestigium
2215 3979 2232 4030 ll
2246 3977 2298 4028 823

306 4065 330 4115 44
350 4063 406 4116 aliis
426 4071 450 4116 et
469 4065 525 4116 aliis
547 4065 622 4118 donis
648 4071 776 4132 quantum
800 4065 832 4116 ad
854 4051 945 4118 eorum
1037 4065 1201 4118 -visibilis
1222 4067 1277 4120 sine
1305 4065 1430 4120 invisibili
1454 4083 1505 4120 non
1525 4069 1623 4122 confert
1661 4065 1755 4120 4836
1779 4065 1814 4120 4*.
1835 4067 1880 4118 884
1906 4067 1923 4118 4.
1940 4067 1957 4116 2
1977 4095 2010 4104 -
2032 4065 2219 4130 correspondet
2240 4065 2300 4120 uni·

306 4157 380 4206 actus
398 4141 603 4220 consequentes,
629 4153 676 4206 sed
704 4155 783 4206 Filius
802 4151 834 4206 ad
854 4155 945 4206 illumi·
983 4155 1062 4206 4473
1083 4155 1131 4206 tl
1155 4181 1190 4194 ·-·
1210 4155 1320 4208 visibilis
1340 4157 1515 4210 niftilconiert
1535 4157 1567 4210 ad
1586 4159 1622 4210 ef·
1660 4155 1702 4208 tati
1724 4157 1740 4206 ff
1760 4155 1806 4206 834
1832 4169 1888 4220 arg.
1909 4157 1932 4206 4.
1952 4155 2004 4206 867
2024 4155 2041 4206 4.
2060 4155 2085 4206 4.
2114 4155 2143 4206 fif
2162 4157 2211 4206 644
2243 4153 2296 4206 tl

304 4241 436 4294 nationem
463 4239 622 4308 intellectus,
650 4243 762 4308 Spiritus
785 4249 890 4296 sanctus
909 4243 943 4296 44
984 4243 1124 4304 finiendum
1144 4245 1253 4296 interius
1272 4245 1281 4294 l
1301 4245 1385 4296 4864
1711 4271 1746 4284 -··
1765 4245 1851 4296 omnis
1868 4257 1882 4296 a
1904 4243 1957 4296 Deo
1976 4249 2016 4296 est
2035 4243 2051 4296 ll
2071 4243 2123 4296 867
2137 4245 2154 4296 4.
2174 4243 2238 4296 4-
2252 4245 2298 4310 qui

304 4331 411 4382 aflectus
425 4329 654 4382 inflammationem
675 4333 684 4384 l
703 4331 754 4384 474
773 4329 793 4382 b
811 4357 847 4368 -
867 4329 944 4384 filius
1035 4329 1199 4386 -visibilis
1229 4347 1279 4386 non
1308 4333 1356 4386 init
1382 4335 1409 4386 in
1437 4335 1519 4386 veteri
1547 4339 1620 4388 testa·
1658 4337 1695 4384 est
1715 4335 1740 4384 in
1759 4333 1897 4396 creaturis,
1917 4333 2024 4398 respicit
2042 4331 2123 4384 Deum
2145 4339 2172 4386 ut
2190 4345 2298 4384 cansam

304 4419 427 4482 mittitur,
451 4431 513 4470 cum
541 4415 889 4484 stercoratumque
909 4445 944 4458 -
982 4429 1070 4474 mento
1089 4421 1098 4472 l
1118 4419 1170 4472 473
1189 4421 1205 4472 4.
1226 4423 1250 4488 4,
1270 4421 1288 4472 b
1306 4447 1342 4462 --
1361 4421 1472 4476 visibilis
1494 4437 1547 4476 nou
1573 4423 1621 4476 init
1658 4423 1812 4474 allicientem
1832 4419 1893 4474 473
1914 4419 2298 4474 ds-attendtturtncree-

305 4507 383 4560 Filius
401 4505 498 4560 dicitur
514 4509 594 4572 mitti,
623 4507 846 4576 quandocumque
866 4509 942 4560 datur
984 4517 1102 4574 tempore
1120 4509 1196 4574 Legis
1216 4511 1327 4576 scriptae
1358 4523 1406 4562 nec
1424 4515 1620 4576 postlcmpora
1659 4515 1715 4563 tura
1735 4509 1880 4562 secundnm
1901 4509 2123 4574 comparationem
2144 4509 2177 4562 ad
2198 4509 2299 4562 Creato-

305 4597 419 4660 cognitio
437 4593 470 4650 t'b.
492 4597 508 4648 f.
527 4599 544 4648 3
562 4623 597 4636 -·
617 4599 642 4648 ln
663 4597 798 4654 habitibus
815 4611 882 4662 pura
902 4611 942 4650 co·
983 4599 1112 4650 Ecclesiae
1130 4599 1281 4662 primitivae
1299 4601 1307 4652 l
1327 4599 1374 4651 484
1400 4597 1428 4650 4*
1658 4611 1715 4650 rem
1733 4599 1758 4650 in
1773 4599 1871 4652 ratione
1885 4611 1980 4650 censae
1992 4599 2127 4652 efficientis
2141 4599 2159 4650 lf
2174 4599 2225 4650 828
2238 4611 2296 4662 arg.

305 4685 410 4750 gnitiris
440 4699 488 4738 nce
514 4683 593 4738 Filius
622 4699 670 4738 nce
697 4685 810 4750 Spiritus
837 4689 943 4738 sanctus
1034 4713 1070 4726 ·-
1088 4687 1199 4752 Spiritus
1218 4689 1300 4740 sancti
1327 4701 1378 4740 non
1400 4689 1446 4740 fnit
1465 4689 1490 4740 in
1509 4689 1619 4752 plenitn·
1659 4689 1683 4740 f.
1703 4687 1752 4740 823
1775 4689 1799 4740 b.
1818 4687 1869 4740 885
1890 4685 1919 4738 6*

303 4773 409 4838 proprie
430 4773 552 4840 mittitur,
569 4775 618 4826 sed
641 4773 674 4826 in'
693 4773 827 4828 habitibus
847 4775 942 4840 partim
981 4775 1042 4828 diue
1060 4779 1119 4828 ania
1146 4775 1291 4830 adventum
1315 4773 1410 4830 Christi
1439 4777 1513 4830 4484
1540 4773 1566 4830 4*
1585 4803 1620 4818 -
1711 4803 1746 4818 -
1764 4791 1815 4828 non
1836 4777 1946 4842 pertinet
1965 4777 2049 4830 sulum
2069 4775 2103 4828 ad
2120 4787 2297 4842 444444444-

303 4863 455 4928 cognitivis,
477 4863 571 4928 partim
591 4863 847 4932 allectivismittitur
865 4863 942 4918 444444
982 4865 1066 4918 Prinne
1080 4863 1172 4918 debuit
1184 4863 1261 4918 Filius
1276 4865 1341 4918 mitti
1355 4867 1379 4918 in
1394 4879 1509 4930 carnem,
1523 4865 1618 4920 deinde
1658 4867 1746 4932 litatis,
1767 4865 1813 4920 sed
1844 4879 1870 4918 ss
1897 4865 2011 4920 extendit
2036 4865 2068 4918 ad
2090 4867 2175 4918 omnia
2196 4865 2295 4918 entium

304 4949 345 5004 rel
366 4953 479 5016 Spiritus
497 4953 783 5016 sanctus,secnndnm
806 4951 877 5018 quod
897 4951 943 5004 dn·
981 4953 1094 5018 Spiritus
1112 4959 1220 5006 sanctus
1239 4955 1263 5006 in
1284 4963 1398 5008 mentem
1420 4957 1446 5008 lfl
1467 4955 1500 5008 34
1520 4953 1550 5008 8*
1658 4969 1753 5022 genera
1774 4955 1791 5008 fl
1820 4955 1871 5006 823
1897 4967 1971 5022 asq.
1992 4983 2029 4992 —
2047 4953 2188 5008 attenditur
2208 4955 2231 5006 in
2252 4965 2295 5018 re,

304 5043 367 5092 cunt
384 5041 409 5090 in
430 5041 663 5094 manifestationem
685 5041 764 5094 Verbi
778 5041 820 5094 vel
839 5043 942 5094 Amoris
1035 5069 1068 5082 -
1087 5041 1196 5094 visibilis
1217 5043 1328 5108 Spiritus
1348 5045 1428 5096 sancti
1448 5043 1516 5098 utilis
1532 5051 1569 5098 est
1586 5043 1619 5098 ad
1658 5047 1685 5096 ut
1703 5045 1729 5096 in
1748 5057 1779 5096 44
1796 5043 1976 5096 consideratur
2001 5041 2037 5096 46.
2056 5043 2074 5094 b
2097 5069 2133 5082 -·
2152 5047 2176 5094 et
2195 5043 2297 5108 species

304 5125 336 5182 44.
358 5127 429 5182 b-
447 5129 561 5194 Spiritus
578 5133 686 5184 sancius
697 5129 808 5184 mittitur
825 5129 852 5180 in
872 5129 942 5182 babi·
981 5129 1196 5184 manifestandam
1226 5133 1416 5184 emanationem
1441 5141 1467 5186 et
1490 5131 1620 5186 inhabita·
1658 5137 1681 5184 ct
1701 5131 1767 5186 ordo
1796 5145 1848 5184 nnn
1874 5139 1935 5184 sunt
1963 5133 1988 5186 in
2017 5131 2097 5184 rebus
2123 5137 2223 5184 tantum
2249 5143 2296 5196 per

303 5215 374 5268 tibus
391 5231 458 5280 pure
478 5217 614 5286 allectivis,
625 5219 686 5286 qnia
698 5219 723 5270 ei
737 5219 942 5284 appropriantur
981 5221 1077 5272 tionem
1107 5219 1251 5274 secundnm
1282 5221 1449 5286 plenitudinis
1474 5221 1620 5274 redundan·
1657 5223 1878 5286 comparationem
1893 5221 1925 5272 ad
1940 5221 2052 5286 diversa,
2069 5219 2115 5272 sed
2129 5219 2298 5272 consideran·

299 5309 327 5358 st
346 5303 446 5358 ducunt
464 5307 491 5358 in
509 5307 744 5360 manifestationem
763 5297 942 5362 Amorist‘bt'cl.
980 5309 1069 5362 444441
1091 5309 1135 5360 284
1161 5309 1186 5374 b,
1208 5307 1237 5360 l*
1249 5337 1284 5348 —
1297 5309 1407 5362 visibilis
1424 5323 1476 5362 non
1493 5317 1534 5364 est
1552 5311 1620 5364 utilis
1657 5317 1698 5364 tur
1718 5313 1741 5362 in
1761 5309 1855 5364 eadem
1874 5325 1904 5362 re
1922 5307 2067 5360 secundnm
2088 5307 2208 5360 diversas
2226 5319 2296 5360 com·

356 5421 390 5436 ι·-
409 5395 487 5448 Filius
505 5409 557 5448 non
586 5397 693 5462 proprie
718 5397 842 5460 mittitur,
863 5403 942 5462 prout
980 5397 1013 5450 ad
1034 5397 1234 5464 significandam
1253 5397 1467 5452 inbabitationem
1486 5399 1510 5450 in
1531 5401 1617 5452 anima
1658 5399 1804 5464 parationes
1832 5397 1865 5450 ad
1894 5397 1965 5448 idem
1991 5393 2053 5448 4444.
2087 5395 2137 5448 836
2163 5393 2193 5448 4*
2216 5423 2252 5440 -
2270 5397 2295 5448 et

303 5483 398 5536 faciens
418 5499 526 5550 sapere,
546 5499 594 5550 per
613 5485 943 5550 donagratiaegratisda·
980 5487 1127 5540 secundnm
1156 5487 1365 5540 sanctificationis
1395 5489 1577 5542 sufficientiam
1609 5491 1617 5540 l
1657 5487 1757 5550 species
1771 5493 1795 5538 et
1804 5485 1869 5538 ordo
1883 5487 1909 5536 in
1919 5485 2077 5549 corporibus
2087 5489 2197 5550 possunt
2209 5485 2292 5550 accipi

303 5575 344 5622 tae
364 5571 372 5622 l
390 5569 444 5622 476
462 5570 481 5625 b
501 5599 535 5610 -
554 5573 632 5626 Filius
650 5586 701 5626 non
719 5573 828 5626 mittitur
842 5573 868 5624 in
881 5587 943 5640 qua·
981 5577 1032 5628 236
1051 5591 1110 5642 arg.
1127 5577 1155 5628 l.
1174 5577 1221 5628 484
1244 5577 1261 5628 b
1657 5577 1684 5624 ut
1705 5573 1824 5626 diversae
1838 5573 2022 5638 dispositiones
2033 5577 2058 5626 et
2071 5573 2237 5640 separabiles,
2250 5571 2293 5628 vel

302 5673 417 5726 cumque
436 5661 595 5712 revelatione
623 5661 804 5728 occultorum,
830 5661 877 5714 sed
903 5677 942 5716 sc·
1032 5693 1067 5704 -
1086 5663 1195 5718 visibilis
1215 5663 1249 5718 ad
1277 5665 1476 5730 significandam
1495 5661 1618 5716 inbabita-
1657 5667 1683 5714 nt
1707 5661 1811 5714 diversa
1838 5661 1983 5714 secundnm
2009 5665 2230 5728 comparationem
2261 5661 2293 5714 44

302 5747 419 5802 cundum
438 5747 502 5814 quid
521 5749 548 5800 in
567 5749 727 5802 revelatione
750 5751 866 5802 animam
887 5749 942 5802 illu·
980 5753 1076 5806 tionem
1097 5767 1143 5820 per
1163 5755 1274 5818 gratiam
1293 5751 1501 5804 sanctificationis
1514 5757 1554 5806 est
1567 5763 1618 5806 tan·
1656 5749 1726 5802 idem
1741 5751 1758 5802 fl
1780 5751 1831 5826 830
1850 5747 1878 5804 4*
1898 5781 1930 5790 -
1951 5757 1976 5804 44
1993 5753 2095 5816 species
2113 5759 2139 5806 et
2157 5751 2222 5804 ordo
2242 5763 2293 5804 ncn

302 5841 396 5888 strante
416 5849 463 5900 per
484 5837 593 5902 gratiam
614 5837 813 5902 proficentem,
845 5835 942 5902 simpli·
980 5847 1035 5892 tum
1055 5841 1166 5903 Spiritus
1184 5841 1274 5904 sancti,
1288 5841 1328 5892 cui
1343 5839 1509 5892 sanctificatio
1524 5853 1618 5904 appro·
1655 5839 1778 5893 differunt
1796 5841 1936 5892 formaliter
1950 5841 1969 5892 ll
1982 5841 2034 5892 848
2052 5841 2069 5892 i.
2090 5841 2113 5892 3.
2135 5841 2185 5892 836
2207 5837 2241 5906 3*,
2263 5835 2291 5892 4*

301 5925 446 5978 cltervcro
464 5925 491 5976 in
511 5925 654 5978 illustrante
680 5939 729 5990 per
751 5925 863 5988 gratiam
881 5937 955 5990 gra.
979 5925 1079 5992 priatnr
1098 5927 1107 5978 l
1126 5927 1177 5978 482
1197 5925 1216 5978 b
1234 5953 1269 5964 -
1288 5925 1365 5978 filins
1394 5941 1445 5980 non
1466 5931 1504 5980 est
1523 5931 1618 5982 missus
1656 5955 1689 5966 ·-
1708 5933 1732 5982 ef
1751 5931 1853 5996 species
1871 5937 1898 5982 et
1923 5931 1989 5982 ordo
2019 5931 2071 5982 sola
2098 5931 2294 5994 comparatione

301 6019 357 6068 tum
376 6013 595 6068 facientemll'lt
620 6011 648 6066 3*
666 6015 793 6066 -Fifius
812 6027 863 6066 non
880 6027 938 6078 pro·
978 6013 1115 6066 visibiliter
1141 6015 1176 6066 ad
1208 6013 1425 6066 manifestandam
1455 6015 1617 6072 inbabitatio-
1656 6019 1778 6072 differnnt
1794 6023 1820 6072 et
1838 6019 1908 6072 idem
1937 6019 2034 6072 babent
2050 6017 2251 6072 fundamentum
2275 6017 2293 6070 fl

301 6105 358 6170 prio
376 6105 486 6158 mittitur
503 6103 537 6156 ad
557 6105 686 6172 aliquem,
714 6115 775 6158 cum
794 6101 939 6168 perfidem
979 6117 1039 6156 nem
1058 6105 1116 6156 eius
1133 6117 1182 6168 per
1202 6105 1311 6168 gratiam
1340 6105 1443 6156 ttnionls
1469 6119 1515 6172 per
1543 6107 1616 6174 signa
1655 6109 1707 6162 836
1726 6105 1763 6174 3*,
1784 6105 1821 6162 4*.
1840 6105 1947 6170 8343.
1969 6107 2021 6160 885
2039 6105 2070 6160 6*

301 6193 439 6246 informem
457 6193 493 6246 ab
511 6205 545 6246 eo
562 6195 744 6262 cognoscitur,
763 6191 836 6258 quod
856 6193 888 6246 sit
907 6191 939 6246 ab
978 6191 1105 6258 visibilia,
1124 6205 1173 6246 nec
1190 6191 1225 6244 ad
1243 6179 1479 6246 manifestationem
1492 6195 1617 6252 inhabita·
1709 6225 1743 6236 —-
1762 6201 1788 6252 et
1814 6197 1917 6264 species
1944 6203 1971 6250 et
1996 6195 2062 6250 ordo
2091 6195 2236 6248 necessario
2267 6207 2295 6246 se

295 6281 366 6350 alio,
384 6281 432 6334 sed
450 6295 511 6336 cnm
542 6283 629 6350 aliquo
654 6283 735 6336 modo
757 6281 939 6348 cognoscitur,
979 6285 1054 6336 tionis
1073 6283 1251 6348 pergratiam
1271 6280 1480 6336 sanctificationis
1497 6281 1560 6340 ibid.
1580 6313 1613 6326 ·-
1655 6287 1863 6340 concomitantur
1888 6287 1913 6338 in
1942 6277 1999 6338 esse
2027 6285 2045 6338 ll
2071 6285 2122 6336 848
2143 6285 2159 6336 4.
2179 6285 2196 6336 2
2215 6311 2248 6322 -·
2269 6287 2294 6336 et
2327 6277 2330 6282 ’

302 6371 375 6438 qnod
392 6371 426 6424 sit
443 6371 469 6420 in
489 6371 549 6436 ipso
566 6377 595 6426 ut
613 6373 638 6424 in
658 6385 707 6426 suo
732 6369 880 6426 habitaculo
907 6369 940 6426 t'b.
977 6371 1151 6426 visibilisfilii
1163 6379 1187 6426 et
1200 6371 1311 6438 Spiritus
1323 6373 1406 6422 sancti
1419 6377 1458 6424 est
1470 6375 1616 6428 secundnm
1654 6375 1755 6438 species
1784 6381 1808 6426 cl
1836 6373 1914 6440 ordo,
1945 6373 2119 6428 4444444444
2145 6373 2292 6426 secundum

292 6455 328 6510 4*
352 6487 381 6498 -
401 6459 481 6512 Filius
499 6459 571 6528 large
590 6465 676 6528 potest
695 6459 940 6514 dicimittiadma·
978 6461 1058 6516 alium
1085 6467 1111 6514 et
1136 6461 1218 6514 alium
1246 6461 1366 6514 effectum
1399 6465 1425 6514 et
1453 6465 1559 6528 signum
1591 6467 1614 6517 in
1655 6465 1862 6528 comparationes
1889 6463 1922 6516 ad
1951 6463 2036 6530 idem,
2064 6461 2176 6516 suntab
2201 6463 2293 6516 eadem

298 6547 490 6602 bifestationem
508 6549 619 6602 alicuius
637 6549 940 6614 occultietlamadglo-
978 6551 1144 6616 creatura,in
1165 6549 1325 6618 quibusnou
1346 6555 1384 6600 est
1404 6551 1611 6606 444444444274
1653 6545 1736 6606 fortna
1765 6551 1925 6606 substantiali
1958 6561 2085 6620 quantum
2111 6553 2146 6606 ati
2177 6555 2292 6616 primurn

300 6635 412 6690 riiicafns
431 6639 439 6690 l
458 6637 510 6690 275
531 6637 555 6690 d.
577 6637 593 6690 4
978 6651 1035 6702 arg.
1048 6641 1072 6692 4.
1088 6639 1138 6692 274
1157 6639 1175 6694 b
1193 6667 1230 6678 -
1247 6639 1359 6704 Spiritus
1372 6639 1452 6690 saneti
1471 6643 1616 6696 manifesta·
1654 6657 1725 6708 esse,
1743 6641 1779 6696 ab
1796 6643 1890 6696 eadem
1904 6643 1985 6694 forma
2000 6641 2152 6696 accidentali
2165 6645 2292 6708 quantum

354 6727 510 6792 -Spiritus
524 6731 629 6780 sanctus
640 6729 750 6781 mittitur
760 6725 787 6778 in
797 6733 939 6792 augmento
977 6729 1014 6780 vit
1034 6729 1185 6782 missionem
1214 6729 1272 6780 filit
1287 6739 1338 6780 non
1358 6733 1467 6794 propter
1484 6729 1614 6792 defectum
1654 6729 1686 6784 ad
1706 6731 1773 6784 bene
1800 6745 1857 6784 esse
1883 6731 1901 6784 lt
1921 6729 1972 6784 830
1998 6729 2028 6782 2*
2046 6757 2081 6768 -
2099 6735 2124 6782 et
2144 6729 2244 6794 species
2267 6733 2291 6782 et

298 6817 396 6878 gratiae
416 6817 425 6868 1
443 6813 495 6868 273
514 6815 534 6868 l.
553 6815 567 6866 3
587 6843 625 6856 -
641 6815 752 6880 Spiritus
768 6819 937 6868 sanctnsnon
977 6817 1134 6884 evidentiae,
1155 6817 1203 6872 sed
1222 6825 1330 6884 propter
1349 6819 1527 6872 caecitatema
1541 6825 1614 6886 parte
1653 6819 1798 6890 ordosunt
1831 6821 1896 6872 inter
1925 6833 1956 6872 se
1986 6819 2109 6886 aequales
2143 6817 2159 6870 ll
2192 6815 2237 6868 834
2275 6815 2294 6870 4.

293 6899 393 6954 dicitnr
413 6903 479 6956 mitti
497 6903 522 6954 in
542 6909 686 6970 augmento
714 6905 813 6972 gratiae
832 6917 881 6970 per
900 6917 939 6958 so
977 6903 1122 6960 videntium
1145 6907 1229 6974 gratia
1247 6903 1437 6960 removendam
1457 6909 1533 6960 4468
1552 6907 1579 6962 4.
1598 6909 1628 6960 64
1655 6909 1677 6974 4,
1700 6911 1725 6976 4,
1744 6907 1763 6962 b
