5792 8392
750 689 803 744 llrtl
824 689 880 758 (th
1133 689 1135 694 ’
1460 691 1515 760 (llil
2081 695 2132 746 liiii
2152 695 2206 762 (40)

479 811 517 824 ··-
536 791 576 836 est
598 785 760 848 voluntarla,
784 783 845 848 qula
873 785 911 832 est
937 795 951 832 a
974 781 1124 852 uoluntate,
1160 781 1228 832 uniri
1249 777 1350 844 Verbo,
1372 791 1452 846 qoam
1469 781 1521 832 frui
1539 779 1593 832 Deo
1613 781 1641 832 lll
1660 781 1695 834 52
1712 795 1770 848 arg.
1783 779 1800 832 4
1820 781 1864 840 44
1883 793 1960 832 4444
1983 793 2121 846 personam
2140 783 2170 834 ill
2189 781 2240 836 440
2259 781 2276 834 f.
2298 785 2319 848 4,
2341 783 2357 834 4
2375 809 2409 822 -
2423 797 2478 836 444-

480 873 598 926 sednon
618 869 811 924 fitsernndnm
839 869 1045 920 conformitatem
1076 881 1125 918 ro·
1160 893 1197 906 --
1214 869 1345 920 humanae
1366 871 1471 920 naturae
1492 867 1524 920 ad
1556 869 1673 920 divinam
1695 871 1719 920 in
1746 871 1801 922 uni·
1820 853 1877 920 inis
1895 869 2050 920 terminatur
2067 869 2101 920 ad
2121 883 2203 922 onium
2221 873 2249 922 ln
2266 883 2377 934 44444444
2396 869 2432 926 la.
2447 869 2476 922 4*

481 961 623 1024 lentatum,
644 959 691 1010 sed
705 959 788 1022 magis
801 957 949 1010 seetrndam
962 955 1125 1008 coniunctio·
1153 959 1212 1008 'tale
1230 967 1359 1020 personae
1378 953 1544 1008 excellentior
1570 963 1608 1008 est
1628 971 1708 1022 quam
1737 957 1800 1010 nnio
1820 945 1821 950 '
1888 983 1925 994 -
1942 953 2008 1008 Caro
2027 965 2055 1010 et
2071 957 2157 1010 aalma
2177 959 2302 1010 4444444444
2315 971 2367 1010 444
2380 959 2476 1012 444444

482 1061 541 1102 nem
563 1055 715 1100 naturarum
734 1049 762 1100 ln
780 1059 833 1098 una
851 1057 963 1110 persone
983 1045 1013 1096 lll
1040 1043 1075 1096 55
1094 1043 1124 1094 2*
1160 1057 1208 1108 per
1235 1041 1448 1094 conformitatem
1477 1043 1575 1106 gloriae
1600 1045 1629 1096 lll
1660 1045 1710 1096 408
1744 1059 1799 1108 erg.
1836 1045 1944 1096 naturali
1962 1049 2058 1096 44444
2078 1045 2207 1110 personali
2228 1047 2256 1098 444
2277 1045 2327 1098 440
2355 1047 2412 1100 44
2440 1075 2476 1088 -

479 1163 516 1176 --
533 1135 619 1190 Gratia
640 1137 742 1188 unionis
763 1147 816 1184 non
831 1133 908 1184 habet
921 1133 1125 1196 repugnantiam
1160 1131 1230 1182 i-
1254 1131 1422 1182 8444044444
1449 1137 1473 1182 44
1502 1133 1615 1196 amplior
1640 1133 1801 1184 deiformitas
1835 1129 1901 1184 Caro
1922 1133 2050 1184 stenima
2069 1145 2121 1184 non
2139 1133 2475 1188 fuartrntnnltaVcrboin

480 1225 515 1276 ad
533 1223 683 1278 filiationem
704 1222 861 1286 naturalem,
884 1221 1124 1274 immofacltillanr
1159 1225 1186 1270 et
1209 1219 1312 1272 claritas
1334 1219 1427 1270 collata
1454 1223 1494 1270 est
1520 1223 1623 1272 animae
1649 1219 1744 1274 Christi
1768 1233 1800 1272 ex
1835 1221 1941 1272 unionis
1958 1221 2105 1284 primordio
2123 1227 2151 1272 ut
2171 1221 2268 1286 dirisa,
2296 1221 2341 1274 sed
2370 1229 2397 1274 at
2417 1235 2475 1274 eorr-

479 1313 668 1366 commnnlcari
689 1313 717 1364 444
735 1309 787 1364 234
809 1307 839 1362 3*
1159 1309 1223 1374 froc,
1242 1307 1417 1374 quodVerbo
1439 1309 1507 1360 unita
1526 1317 1578 1376 est,
1598 1313 1799 1376 quemnemo,
1820 1309 1923 1358 *iuncta
1942 1309 1967 1358 ln
1994 1321 2073 1360 unam
2101 1307 2271 1362 substantiam
2300 1314 2325 1362 ol
2354 1315 2473 1362 naturam

533 1429 570 1442 -
587 1403 673 1454 Gratia
695 1397 797 1454 unionis
817 1399 933 1450 effectiva
950 1397 1011 1450 44444
1022 1397 1123 1448 donum
1159 1395 1233 1462 quod
1253 1397 1404 1460 simpliciter
1422 1403 1461 1448 cst
1479 1395 1554 1448 beata
1580 1397 1610 1448 444
1638 1397 1689 1450 ani
1718 1397 1738 1450 b
1764 1423 1800 1436 ·-
1835 1395 1865 1448 444
1886 1393 1932 1446 444
1955 1409 1981 1462 4,
2004 1393 2040 1460 4*,
2060 1395 2087 1448 4*
2108 1425 2140 1434 -
2161 1397 2280 1450 Verbum
2299 1397 2346 1448 4444
2373 1399 2474 1450 unitam

480 1491 580 1554 gratiae
598 1491 727 1542 increatae
746 1487 776 1540 444
794 1487 829 1538 53
847 1485 866 1538 44
886 1513 919 1526 -
940 1487 1050 1552 gratuita
1067 1487 1124 1538 sire
1159 1485 1263 1538 llaloris
1280 1483 1411 1550 dignitatis
1433 1493 1470 1538 esi
1496 1499 1554 1538 usse
1578 1487 1683 1538 unitum
1703 1487 1801 1538 Diriol·
1836 1483 1951 1534 4444444
1981 1487 2082 1536 animae
2111 1487 2186 1538 unica
2206 1487 2304 1538 unione
2330 1487 2416 1538 aetlrc
2443 1499 2475 1538 ex

480 1579 561 1644 gratis
584 1577 648 1630 laeta
667 1591 699 1628 ex
717 1583 790 1640 parte
811 1573 914 1628 divinae
935 1581 1040 1626 naturae
1061 1573 1123 1626 dicit
1159 1577 1204 1626 lali
1223 1585 1304 1640 quam
1324 1587 1382 1626 esse
1400 1573 1575 1638 glorificatum
1591 1575 1621 1626 444
1640 1573 1674 1626 50
1694 1575 1748 1628 4.5
1836 1577 1909 1634 parte
1931 1571 2009 1624 Verbi
2028 1577 2055 1624 et
2072 1573 2178 1636 passive
2195 1587 2228 1624 ex
2247 1579 2319 1640 parte
2346 1577 2431 1626 carnis
2449 1583 2475 1628 et

480 1667 762 1732 qrtldluereatum,ex
781 1671 853 1728 parte
871 1665 1122 1714 humanaenaturae
1212 1691 1249 1700 -
1266 1663 1353 1714 Gratia
1374 1663 1475 1714 treionis
1496 1677 1545 1714 oon
1563 1665 1685 1716 convenit
1697 1661 1800 1728 Christo
1835 1657 2022 1712 arripueras
2045 1689 2077 1698 --
2097 1669 2126 1714 ut
2137 1661 2227 1712 relatio
2241 1663 2289 1712 fuit
2302 1675 2352 1712 4444
2366 1663 2391 1712 44
2405 1669 2474 1728 acto,

480 1753 541 1808 dicit
560 1753 623 1820 4444
644 1761 760 1806 creatum
778 1749 840 1804 44444.
857 1779 895 1790 -
913 1751 999 1802 Gratia
1019 1753 1122 1802 unionis
1158 1757 1189 1802 44
1207 1751 1306 1802 lromlnl
1325 1751 1484 1816 simpliciter,
1505 1751 1551 1802 sed
1568 1751 1800 1820 secundumqnod
1836 1747 1934 1812 duplex
1951 1751 1976 1798 in
1998 1751 2111 1814 potentia
2124 1757 2184 1802 anto
2195 1751 2475 1814 sepat·atlonear,post

480 1841 541 1896 dieii
560 1841 659 1908 aliquid
679 1841 807 1892 inlinitum
833 1843 932 1892 ratione
956 1841 1062 1892 allerias
1081 1853 1122 1892 en·
1160 1841 1241 1892 homo
1262 1841 1347 1894 unitus
1368 1841 1395 1892 lll
1414 1833 1470 1892 224
1487 1837 1515 1892 3*
1835 1841 1948 1888 mortem
1965 1837 2063 1902 duplex
2078 1839 2105 1888 ln
2117 1843 2174 1890 actu
2187 1835 2256 1904 iola,
2273 1835 2303 1888 2*
2314 1863 2351 1876 -
2363 1839 2387 1890 ln
2402 1835 2475 1892 Chri·

479 1931 555 1982 tremi
576 1931 601 1982 444
623 1931 673 1982 300
695 1931 712 1982 44
1213 1929 1247 1980 45
1268 1955 1303 1966 -
1322 1929 1346 1978 44
1371 1929 1455 1980 aalma
1477 1929 1665 1994 praesupponit
1688 1931 1798 1994 gratiam
1835 1931 1875 1976 sto
1893 1931 1933 1978 est
1951 1927 2013 1976 unio
2030 1925 2134 1978 animae
2147 1925 2182 1978 ad
2200 1939 2307 1978 carnem
2319 1935 2345 1976 et
2364 1925 2426 1978 nnio
2438 1925 2475 1976 dl·

533 2047 567 2056 -—
587 2021 670 2072 Gratia
690 2019 792 2072 unionis
805 2019 905 2070 ratione
917 2021 1020 2070 animae
1034 2017 1121 2071 unitae
1157 2015 1285 2069 fruitionis
1304 2017 1333 2068 444
1352 2015 1387 2066 45
1405 2015 1435 2066 4*
1449 2045 1481 2054 -
1496 2031 1546 2068 444
1565 2021 1648 2084 proruit
1666 2031 1724 2070 esse
1744 2017 1799 2070 sine
1835 2015 1912 2064 rinae
1933 2019 2081 2066 4444444444
2106 2015 2235 2066 humanae
2262 2015 2292 2066 444
2317 2013 2369 2066 452
2396 2027 2411 2066 4
2438 2039 2474 2052 -

479 2121 587 2174 semper
604 2109 665 2160 dicit
685 2107 749 2174 quid
770 2105 871 2158 4444444
892 2113 915 2158 44
942 2119 997 2158 rem
1019 2107 1122 2160 virtutis
1157 2105 1204 2156 Del
1224 2095 1344 2156 fruitione
1364 2105 1393 2156 444
1411 2103 1462 2156 384
1482 2105 1499 2156 l.
1520 2105 1529 2156 l
1554 2131 1588 2144 -·
1607 2105 1797 2158 Divinitasnon
1835 2103 1928 2152 aalma
1953 2103 2042 2154 aoltnr
2067 2103 2196 2156 Divinitatl
2225 2111 2250 2156 44
2277 2103 2349 2154 carni
2377 2105 2473 2156 unione

481 2197 569 2248 linitae
586 2197 614 2248 444
635 2197 686 2248 300
706 2195 723 2250 b
742 2221 777 2234 -
795 2195 857 2246 Slva
878 2197 959 2262 gratia
972 2197 1077 2248 unionis
1089 2197 1122 2248 sit
1156 2195 1242 2258 potuit
1261 2207 1318 2244 esse
1336 2195 1530 2258 animaeanlta,
1549 2195 1611 2260 quin
1631 2195 1715 2246 aalma
1743 2197 1797 2258 ipsa
1835 2189 1948 2254 duplici,
1967 2191 2027 2258 qula
2049 2191 2209 2244 [llrlnltaset
2230 2203 2292 2244 raro
2311 2205 2363 2242 non
2376 2191 2475 2244 cedunt

479 2293 610 2350 creatum,
640 2285 696 2336 sire
723 2285 884 2348 increatum,
911 2285 997 2336 aalma
1027 2281 1120 2336 Christi
1157 2283 1287 2336 frueretur
1306 2287 1330 2334 et
1349 2281 1522 2334 delectaretur
1532 2285 1560 2334 in
1577 2297 1608 2334 ea
1629 2283 1654 2334 lll
1678 2283 1727 2336 437
1742 2297 1798 2348 arg.
1833 2279 1953 2330 inunum
1975 2285 2106 2344 44444444,
2126 2281 2206 2330 immo
2226 2279 2374 2332 naturaliter
2391 2285 2418 2330 et
2435 2293 2474 2332 es·

479 2387 588 2438 semper
604 2381 645 2426 est
668 2375 734 2426 intra
757 2375 882 2424 tertnlnos
899 2381 1033 2424 erraturae
1058 2369 1122 2426 ibid.
1157 2369 1173 2420 4
1198 2369 1261 2424 Vide
1281 2369 1312 2422 V.
1331 2369 1454 2424 dhrlstor
1473 2367 1515 2438 44,
1539 2369 1584 2428 la.
1833 2367 1971 2418 senliallter
1991 2375 2052 2420 sont
2069 2367 2187 2420 distincta
2208 2369 2235 2420 444
2252 2365 2298 2420 444
2318 2365 2346 2418 4*
2366 2395 2399 2406 ·-
2420 2369 2474 2420 Pot-

481 2459 571 2516 34544
1062 2495 1063 2498 ,
1211 2459 1280 2510 0444
1310 2463 1395 2522 potest
1421 2461 1489 2510 uniri
1517 2465 1652 2512 creaturae
1680 2461 1797 2514 rationali
1833 2463 1874 2508 est
1890 2455 1956 2522 diei,
1979 2457 2051 2522 ctnod
2070 2459 2161 2522 triplex
2181 2459 2228 2510 fult
2246 2459 2308 2510 unio
2324 2453 2392 2510 rina

531 2577 568 2590 -
587 2553 678 2602 444444
702 2553 789 2604 4444444
808 2549 898 2602 Verbo
925 2549 1057 2600 mediante
1077 2549 1122 2600 ha·
1159 2549 1511 2614 propterconvenientiam,
1540 2549 1687 2600 seeundum
1716 2561 1797 2618 qoam
1887 2571 1923 2582 —
1943 2545 2473 2612 Verbumanimaentrlviheantlrorpas

481 2639 536 2692 hita
555 2645 644 2694 creato
667 2641 797 2706 perlectae
824 2639 1006 2692 deiformitatis
1028 2653 1122 2692 secun·
1157 2637 1293 2690 ordinatur
1313 2635 1345 2688 an
1366 2637 1449 2686 Deum
1467 2637 1620 2690 immediate
1645 2639 1673 2690 444
1702 2639 1728 2690 44
1760 2635 1797 2702 4*,
1834 2635 1923 2686 unitur·
1950 2635 2139 2698 perspiritum
2171 2637 2226 2688 sire
2255 2635 2400 2698 portionem
2430 2649 2473 2686 sa-

481 2729 545 2782 dtrnr
566 2731 693 2782 rationem
713 2729 899 2792 congruentiae
917 2729 946 2780 444
968 2729 1003 2780 52
1028 2729 1044 2780 b
1073 2745 1121 2796 sq,
1157 2723 1196 2778 5*.
1217 2725 1249 2776 48
1271 2723 1305 2776 4*,
1327 2725 1358 2776 38
1375 2723 1555 2792 2*-04444,
1577 2727 1648 2792 quod
1667 2733 1705 2780 est
1724 2729 1797 2780 alteri
1833 2725 1962 2788 puriorem
1984 2723 2012 2774 444
2031 2723 2102 2774 5044

479 2817 518 2870 0*.
536 2819 589 2870 287
607 2835 621 2870 4
643 2847 676 2858 -
697 2819 815 2872 Christus
834 2819 912 2870 lromo
932 2817 1121 2882 disponebatur
1157 2817 1270 2868 rnaxlrno
1287 2815 1408 2866 intimum
1429 2823 1453 2868 et
1471 2815 1597 2882 amabile,
1612 2821 1650 2870 est
1663 2819 1687 2868 el
1700 2815 1797 2870 nnlbllc
1886 2839 1924 2852 -·
1941 2813 2060 2864 Verbum
2078 2813 2230 2866 immediate
2249 2819 2272 2864 et
2299 2811 2474 2876 inseparabili-

479 2909 513 2958 ad
532 2909 657 2960 unionum
676 2921 724 2972 per
743 2909 869 2972 gratiam,
890 2919 970 2972 quarn
991 2905 1119 2960 habalta
1157 2903 1542 2956 unionemanlnralllilf.l
1565 2933 1596 2942 -
1617 2907 1797 2972 Quorlrnagls
1833 2903 2140 2954 teruniturtamcarnl
2162 2903 2363 2970 quamanimae
2390 2901 2472 2954 44450

478 2995 625 3060 primordio
646 3009 709 3048 snae
721 2995 859 3046 nativitatis
872 3003 898 3046 et
911 3009 990 3060 qnam
1012 2995 1120 3060 perdere
1157 2995 1317 3046 assimilatur
1341 2993 1407 3044 ileo
1422 2995 1552 3046 intensive
1570 2997 1696 3048 maiorem
1718 2993 1797 3046 habet
1832 2991 1860 3044 b.
1880 2993 1908 3044 54
1934 2989 1961 3042 2*
1979 3018 2016 3030 -
2035 2993 2062 3044 444
2080 2993 2178 3044 444444
2203 2993 2307 3044 animae
2333 2999 2360 3044 44
2386 2991 2472 3042 carnis

479 3097 531 3134 non
551 3083 637 3146 poluit
655 3083 682 3134 lll
705 3083 754 3134 409
774 3097 786 3134 a
815 3109 849 3122 -
875 3083 960 3134 Gratia
979 3083 1120 3146 singularis
1156 3083 1355 3146 congruentiam
1382 3083 1414 3134 ad
1442 3083 1565 3134 unionem
1590 3083 1618 3134 lll
1647 3083 1682 3134 38
1709 3081 1739 3134 4*
1762 3109 1797 3122 --
1833 3093 1884 3132 non
1903 3087 1943 3132 est
1959 3081 2025 3132 ordo
2045 3079 2190 3132 seeundum
2208 3079 2364 3146 gradumlll
2378 3077 2424 3128 444
2442 3077 2472 3130 3*

480 3185 611 3236 personae·
622 3173 751 3236 disposuit
764 3171 878 3222 44444444
893 3169 985 3222 Christi
1001 3171 1033 3222 40
1046 3173 1120 3222 unio·
1155 3169 1268 3246 Natura,
1286 3185 1354 3236 quae
1375 3171 1434 3236 plus
1451 3173 1574 3222 convenit
1591 3185 1652 3224 entn
1670 3173 1722 3224 Deo
1739 3173 1797 3236 plns
1884 3195 1922 3208 -·
1940 3167 2006 3220 Caro
2024 3171 2115 3220 unitur
2133 3169 2262 3222 irradiante
2276 3169 2364 3218 anltna
2377 3169 2405 3218 444
2420 3165 2470 3218 440

479 3275 538 3314 nem
558 3275 619 3314 cunr
641 3261 729 3314 Verbo
749 3259 777 3312 lll
796 3259 847 3310 272
867 3259 885 3310 b
905 3287 939 3296 -·-
964 3261 1049 3312 844444
1071 3261 1119 3311 sin·
1156 3261 1237 3312 estel
1257 3259 1404 3310 onlblllsln
1436 3261 1532 3314 unitate
1559 3275 1687 3326 personae
1709 3261 1740 3312 lll
1763 3261 1795 3332 344
1832 3269 1890 3320 arg·
1910 3257 1926 3306 3
1947 3283 1979 3292 --
1998 3253 2101 3320 Corpus
2121 3269 2172 3308 non
2191 3255 2328 3308 osthabile
2348 3255 2471 3308 444444-

479 3349 579 3414 galeris
596 3363 725 3414 personae
744 3363 790 3402 san
812 3349 970 3414 perfectione
990 3347 1077 3400 reddit
1094 3349 1120 3398 il·
1156 3363 1213 3414 arg.
1237 3349 1248 3398 4
1278 3375 1317 3386 -
1343 3349 1451 3400 flatione
1478 3351 1584 3400 maioris
1609 3351 1796 3404 conformitatis
1832 3357 1892 3394 0440
1912 3343 1960 3394 liiii
1982 3343 2111 3398 tilediltlle
2135 3347 2220 3396 enimn
2246 3343 2271 3396 lll
2294 3343 2325 3394 50
2357 3345 2373 3394 l·
2399 3343 2425 3410 5,
2444 3343 2468 3408 6,

478 3437 530 3490 4444
549 3445 668 3492 naturam
690 3439 826 3504 idoneam,
848 3445 876 3490 ut
897 3437 949 3488 Deo
968 3437 1119 3488 4444444444
1157 3439 1240 3490 maior
1259 3443 1296 3488 est
1317 3439 1384 3488 ratio
1401 3437 1554 3488 nnlbllltatls
1573 3437 1600 3488 lll
1622 3437 1654 3488 40
1673 3437 1742 3490 hit
1767 3435 1796 3488 4*
1832 3431 1861 3484 b.
1880 3433 1908 3482 54
1934 3431 1961 3482 4*
1980 3461 2015 3472 -
2035 3433 2152 3486 Verbum
2174 3435 2261 3500 unitur
2281 3433 2367 3494 44444,
2386 3439 2415 3484 44
2432 3437 2471 3484 cst

478 3527 530 3578 287
554 3527 574 3578 h
599 3555 636 3568 -
659 3527 792 3580 Assnmllo
810 3527 916 3590 proprie
947 3527 1049 3590 respicit
1079 3539 1121 3578 na·
1183 3565 1184 3570 1
1209 3551 1246 3564 -·-
1263 3527 1372 3592 requirit
1391 3529 1600 3592 proportionem,
1622 3535 1746 3592 quaeest
1769 3527 1794 3578 44
1832 3521 1950 3574 ordinata
1969 3523 2003 3572 ad
2021 3525 2136 3574 animam
2156 3525 2184 3574 lll
2204 3521 2255 3574 244
2276 3519 2314 3572 3*.
2327 3521 2377 3572 283
2397 3519 2470 3572 5*“-

477 3625 579 3680 4444444,
604 3619 726 3682 quamvls
746 3629 862 3680 congruo
883 3629 933 3668 noa
954 3615 1046 3668 habeat
1065 3615 1119 3666 ilrrl
1157 3615 1338 3668 suaveolentia
1364 3613 1476 3680 ordinis,
1503 3629 1554 3668 non
1580 3617 1604 3670 lrr
1631 3629 1795 3668 commensu-
1832 3607 1896 3662 Crlo
1917 3607 1996 3664 habet
2013 3611 2211 3674 congruentiam
2233 3609 2264 3662 ad
2292 3611 2415 3662 unionem
2439 3623 2469 3662 en

477 3703 579 3770 absque
602 3707 683 3770 gratia
713 3707 739 3758 444
770 3705 801 3758 53
832 3701 859 3756 5*
889 3731 922 3744 --
951 3705 1005 3756 Non
1025 3703 1119 3770 444444,
1156 3705 1256 3758 ratione
1274 3705 1424 3770 quartilianis
1444 3703 1470 3756 444
1492 3705 1520 3754 44
1545 3703 1581 3756 4*,
1601 3705 1635 3756 38
1654 3703 1684 3756 2*
1832 3699 1996 3752 ordinatione
2014 3701 2055 3752 sni
2074 3699 2107 3752 nd
2127 3701 2255 3766 animam,
2276 3713 2325 3750 non
2347 3713 2393 3762 per
2418 3697 2470 3750 dis·

476 3791 569 3844 Villam
590 3795 635 3846 ilel
654 3797 722 3846 nnlrl
746 3795 849 3860 animae
868 3795 1005 3858 peccatrici
1024 3795 1119 3846 unione
1210 3821 1243 3830 -
1263 3791 1326 3842 illud
1345 3793 1431 3844 solnm
1451 3799 1489 3844 est
1508 3809 1653 3860 congruum
1672 3795 1703 3848 ad
1724 3795 1794 3848 nnio
1833 3789 1989 3852 positionem
2008 3791 2032 3838 in
2054 3791 2108 3854 ipsa
2128 3789 2155 3840 lll
2183 3789 2235 3840 277
2262 3785 2292 3838 3*
2318 3815 2355 3826 -
2378 3787 2469 3838 4444444

477 3883 607 3946 personali
628 3883 726 3934 444265
746 3881 775 3934 4*
1148 3879 1215 3934 ‘nem
1235 3895 1296 3934 44444
1318 3883 1383 3946 044,
1403 3883 1475 3956 aptiori
1496 3881 1574 3936 habet
1591 3899 1742 3950 expressam
1761 3885 1794 3934 sl·
1833 3875 1878 3928 dat
1895 3877 1965 3928 carni
1987 3879 2198 3944 congruentiam,
2221 3887 2249 3932 ut
2276 3879 2380 3928 urrluttn·
2408 3889 2469 3928 cum

530 3997 565 4010 -··
584 3973 675 4022 ,444444
698 3971 728 4024 ati
749 3971 1119 4036 nolonemnorrlndlgetdis·
1157 3971 1328 4024 militudinem
1348 3983 1408 4022 cnm
1430 3973 1508 4024 eolll
1527 3971 1562 4022 34
1581 3973 1596 4024 l.
1619 3971 1642 4024 5.
1668 3973 1794 4024 384-
1832 3971 1924 4022 natura
1944 3965 2031 4018 4444444
2053 3967 2079 4018 444
2100 3965 2172 4018 aab
2201 3995 2234 4004 -
2262 3965 2289 4016 44
2310 3977 2469 4030 coerroneos

478 4061 606 4124 positione
625 4075 672 4124 per
693 4059 811 4112 habitum
832 4059 1001 4112 adlevantem
1025 4067 1050 4112 44
1076 4073 1119 4112 44-
1156 4060 1215 4112 llius
1232 4061 1353 4124 congrait
1375 4061 1461 4112 444444
1485 4061 1629 4114 substantia
1646 4061 1793 4126 rationalis,
1830 4055 2067 4108 communicatione
2097 4069 2158 4106 cuni
2189 4057 2274 4108 aalma
2304 4055 2351 4106 fult
2382 4055 2469 4122 aliqua

479 4151 627 4214 gulantem,
647 4151 761 4214 quaesit
780 4149 939 4214 principium
958 4147 1026 4202 illius
1045 4151 1116 4200 unio·
1154 4163 1222 4214 qaae
1241 4153 1279 4200 est
1297 4149 1332 4200 ad
1351 4149 1395 4200 Del
1410 4151 1566 4216 lanuginem,
1580 4163 1659 4216 quam
1677 4151 1793 4202 snbstan-
1829 4145 2000 4208 congruentia
2012 4143 2047 4194 ad
2067 4145 2262 4196 tlnlunemcutn
2276 4143 2469 4196 divinanarum

477 4237 563 4288 nlslll
585 4237 615 4288 53
638 4235 666 4288 3*
685 4237 1041 4290 -hlanlmaestlnnnione
1061 4251 1116 4302 gra·
1154 4235 1188 4288 tia
1208 4237 1349 4300 corporalis
1372 4237 1398 4288 444
1417 4235 1563 4290 344554
1582 4235 1791 4290 2*-44444444
1830 4231 1858 4284 444
1878 4231 1905 4282 54
1932 4229 2123 4296 i*-Corpus
2135 4235 2223 4286 unitur
2237 4231 2323 4286 Verbo
2337 4231 2468 4284 mediante

476 4325 525 4392 tia,
543 4325 691 4378 secundom
711 4325 781 4392 qrrod
801 4325 830 4378 iit
848 4325 960 4388 gratuita
978 4325 1025 4376 Dcl
1044 4325 1116 4376 boni·
1154 4331 1244 4376 natura
1259 4331 1342 4388 potest
1355 4327 1479 4378 assomla
1496 4339 1615 4392 persona,
1630 4329 1653 4376 ln
1665 4334 1792 4394 quantam
1829 4323 1915 4372 004404
1936 4326 1962 4372 til
1982 4319 2069 4374 medlo
2088 4321 2196 4374 iaciente
2222 4333 2367 4384 0003444040
2384 4319 2421 4374 444·
2439 4319 2468 4372 4*

475 4417 540 4478 4444,
569 4413 612 4466 sed
645 4427 696 4464 non
724 4427 772 4478 per
797 4413 959 4466 influentiam
987 4419 1120 4490 creatam,
1153 4421 1193 4466 est
1211 4415 1299 4478 imago
1321 4415 1337 4466 ll
1356 4415 1407 4466 308
1428 4427 1484 4478 arg.
1499 4413 1587 4466 4403
1601 4427 1658 4478 arg,
1673 4415 1697 4466 3.
1709 4415 1791 4466 44444
1828 4435 1864 4448 ··-
1883 4407 1984 4474 Corpus
2003 4419 2040 4462 est
2060 4409 2158 4462 nnlblle
2179 4411 2205 4462 444
2227 4411 2259 4462 52
2279 4409 2331 4460 43

476 4517 545 4568 quae
564 4505 643 4554 simul
661 4501 830 4556 coexistltad
848 4503 1047 4566 congruitatem,
1065 4507 1131 4554 non
1152 4517 1211 4568 arg.
1238 4505 1261 4556 l.
1281 4505 1315 4554 20
1342 4501 1359 4554 44
1388 4529 1421 4542 --
1450 4505 1638 4568 praesupponit
1664 4505 1791 4556 rationem
1882 4521 1918 4534 -
1936 4495 2102 4550 aaronem
2122 4499 2208 4550 unitur
2228 4495 2358 4548 mediante
2376 4499 2467 4562 spiritu

476 4591 510 4642 ad
530 4591 706 4646 causalitatem
724 4589 759 4644 40.
779 4605 800 4656 4,
824 4587 858 4656 4*,
881 4589 908 4642 0*
1152 4593 1275 4658 imaginis
1287 4593 1315 4642 ln
1329 4591 1417 4644 nnlblli
1432 4593 1457 4642 44
1467 4605 1505 4656 se,
1514 4593 1555 4644 vel
1567 4595 1591 4644 ln
1602 4605 1701 4644 4444444
1715 4593 1746 4644 444
1759 4589 1791 4644 45
1831 4591 1919 4638 creato
1938 4595 1965 4636 tri
1985 4585 2072 4640 medio
2090 4589 2292 4652 congruentiae,
2307 4599 2359 4636 non
2372 4591 2400 4636 nt
2418 4599 2468 4638 me-

527 4707 564 4718 -
583 4681 669 4732 Gratia
701 4681 801 4734 unionis
829 4693 879 4730 non
907 4679 1065 4746 disponebat
1083 4679 1115 4730 ad
1153 4679 1182 4732 3*
1202 4681 1288 4732 -Ea
1309 4681 1363 4732 sola
1383 4663 1678 4748 creaturacstidonea‚
1698 4687 1725 4732 44
1751 4693 1791 4732 as·
1829 4673 1874 4726 diu
1901 4675 2064 4738 colligentiae
2091 4675 2121 4728 lll
2149 4673 2184 4726 50
2210 4673 2239 4726 b.
2265 4673 2295 4724 54
2330 4671 2366 4738 4*,
2386 4673 2415 4724 2*
2432 4701 2469 4712 -

474 4771 653 4832 operationem
672 4769 893 4834 naturalem,sed
905 4781 985 4832 441444
996 4773 1115 4820 naturam
1152 4775 1272 4822 sumatur
1289 4771 1315 4820 in
1334 4771 1458 4822 unitatem
1490 4785 1631 4836 personae,
1661 4785 1728 4838 qnae
1754 4773 1792 4820 est
1828 4765 1920 4814 004400
1940 4769 2063 4814 honerat
2081 4763 2196 4816 fricdiani
2217 4763 2376 4814 trecessllniis
2396 4763 2468 4814 0440·

475 4859 504 4910 444
526 4857 576 4908 400
596 4873 617 4922 4,
640 4855 666 4910 4*
685 4883 722 4898 ·-
749 4859 796 4908 Ver
823 4859 947 4910 unionem
975 4859 1114 4922 gratuitam
1152 4859 1186 4910 ad
1207 4859 1251 4910 044
1271 4859 1421 4924 imaginem,
1442 4859 1482 4910 rel
1504 4873 1571 4926 quae
1589 4873 1650 4912 cum
1665 4873 1711 4912 sna
1725 4861 1790 4910 inra-
1827 4853 1868 4904 nis
1883 4853 1967 4904 carnis
1981 4865 2042 4904 cum
2057 4853 2204 4920 trininitate,
2219 4851 2264 4904 sed
2278 4851 2394 4904 medium
2409 4865 2467 4904 eon·

476 4949 594 5012 eorporis
611 4955 638 5000 et
656 4949 759 4998 animae
778 4943 897 5000 Christus
914 4945 1011 4998 dicitnr
1034 4947 1115 5012 reple·
1152 4947 1309 5012 ginelrabet
1328 4949 1542 5012 compositionem
1564 4949 1590 5000 444
1611 4949 1639 5000 54
1664 4947 1693 5000 l*
1827 4941 1993 5004 5400408141
2012 4941 2064 4994 439
2083 4941 2112 4992 4*
2132 4969 2165 4978 *-
2178 4943 2268 4994 anima
2282 4945 2337 4994 etii
2351 4939 2466 4994 illidium

474 5041 516 5088 tus
536 5037 616 5098 gratia
639 5037 809 5100 corporaliter
828 5035 855 5086 lll
878 5033 927 5088 444
947 5035 972 5088 4.
993 5035 1009 5086 4
1205 5063 1242 5076 --
1260 5033 1455 5102 congruitatem
1473 5037 1644 5090 nonnionem
1657 5039 1716 5090 4444
1733 5039 1791 5090 ppt.
1828 5031 1932 5082 unionis
1949 5043 2001 5082 non
2015 5033 2100 5083 solunt
2114 5033 2212 5082 ratione
2226 5029 2415 5082 coniunctionis
2427 5041 2467 5080 se-

526 5151 562 5162 —
582 5137 633 5176 non
654 5129 754 5177 lantum
774 5125 885 5188 gratuita
905 5125 963 5188 4444,
983 5123 1114 5176 sedintcr
1152 5131 1206 5192 tas,
1227 5127 1372 5192 personalis
1390 5125 1504 5190 dignitas
1529 5135 1555 5180 et
1580 5141 1702 5192 expressa
1731 5141 1789 5180 con·
1828 5117 1945 5170 40044140
1963 5119 2131 5184 actam,sed
2144 5123 2223 5174 ellim
2237 5119 2382 5170 5400444140
2395 5117 2465 5170 bibl·

476 5225 568 5264 otuncs
593 5215 690 5278 gratias
718 5213 851 5278 potissime
878 5215 959 5264 tenerit
986 5213 1113 5264 rationem
1152 5215 1280 5278 formitas,
1301 5229 1369 5282 quae
1385 5215 1494 5278 reperiri
1508 5225 1616 5280 possunt
1632 5219 1654 5266 44
1670 5223 1786 5268 creatura
1827 5203 2466 5270 400484404200044104041444445444443*···[)4·

473 5303 573 5366 gratiae
591 5303 618 5354 nt
641 5303 691 5354 aso
720 5301 749 5354 5*
776 5329 811 5340 -
840 5311 879 5354 ost
902 5315 1006 5354 somna
1031 5303 1112 5366 grana
1151 5303 1316 5356 narranaam
1335 5303 1368 5354 as
1388 5319 1401 5354 a
1420 5331 1456 5342 -
1474 5303 1515 5356 na
1533 5307 1656 5356 aaronem
1676 5305 1788 5368 arsponrr
1826 5295 1987 5346 rrrnrrausau
2000 5309 2105 5348 carnem
2120 5309 2170 5348 noo
2186 5295 2465 5360 aopanoeresseoran·

473 5391 500 5442 ill
522 5389 573 5442 387
593 5393 609 5442 4.
632 5393 641 5442 4
659 5417 700 5462 Ι---
719 5393 803 5444 Gratia
826 5393 928 5444 unionis
948 5403 999 5442 non
1019 5393 1114 5456 impor-
1151 5395 1215 5446 ratio
1235 5393 1370 5456 imaginiS,
1390 5393 1437 5444 sed
1456 5407 1507 5444 non
1527 5399 1566 5444 est
1584 5393 1719 5460 dispositio
1740 5393 1788 5444 suf·
1827 5381 1911 5434 filib
1926 5385 2018 5436 unione
2033 5387 2134 5436 ’4444044
2147 5397 2207 5438 unm
2222 5397 2313 5448 carne,
2327 5383 2375 5436 584
2393 5383 2463 5436 illam

472 5483 508 5532 lat
528 5479 605 5532 allam
625 5483 849 5544 imperfectionem
863 5493 910 5532 nac
928 5481 1053 5534 amittitur
1067 5495 1114 5532 nec
1152 5481 1242 5534 ficiens
1261 5481 1292 5532 de
1312 5495 1352 5544 se,
1375 5483 1421 5532 nisi
1442 5483 1493 5534 hoc
1511 5487 1641 5548 competat
1658 5481 1788 5546 personali
1827 5475 2016 5536 praesupponit
2035 5473 2148 5540 quadam
2176 5473 2345 5538 congruitalis
2370 5483 2466 5524 00044·

473 5571 638 5620 consumitur
655 5569 683 5620 444
704 5567 756 5620 234
775 5565 804 5618 3*
823 5595 856 5606 -
875 5569 934 5620 44444
956 5567 1001 5618 Del
1020 5569 1113 5620 conde·
1151 5571 1303 5636 proprietati
1324 5575 1347 5620 rt
1367 5569 1489 5634 culpabili
1509 5571 1648 5624 infirmitati
1663 5571 1680 5620 ll
1695 5571 1746 5622 309
1760 5567 1789 5618 il*
1827 5559 1966 5614 0440440444·
1988 5561 2016 5612 2*
2035 5561 2219 5616 -Cill'OliOss
2240 5561 2329 5614 fuisset
2348 5573 2465 5626 00084444

475 5657 579 5706 sconsio
596 5657 621 5706 ln
643 5657 738 5708 unione
758 5669 818 5708 eum
838 5671 934 5720 genere
955 5657 1071 5708 hermano
1087 5659 1111 5708 in
1150 5687 1187 5696 -
1205 5657 1327 5712 Creatnra
1346 5659 1478 5710 rationalis
1499 5663 1581 5722 nragls
1597 5667 1637 5710 cst
1648 5659 1742 5710 idonea
1756 5657 1788 5708 ad
1826 5651 1852 5702 ill
1868 5651 2011 5716 ptlniotdio
2024 5651 2206 5704 illuminationis
2219 5651 2253 5704 ad
2265 5653 2388 5702 unionem
2403 5663 2464 5704 eum

420 5773 422 5778 ,
476 5745 600 5796 unitatem
620 5757 749 5808 personae
769 5745 796 5796 444
818 5743 905 5794 28244
1151 5749 1274 5800 unionem
1304 5747 1402 5798 ratione
1429 5747 1562 5810 dignitatis
1588 5749 1732 5810 personalis
1758 5747 1785 5798 444
1828 5741 1964 5792 0444444444
1984 5753 2013 5792 ex
2037 5741 2094 5806 hoc,
2115 5741 2260 5806 quoderat
2282 5737 2413 5804 possibilis
2431 5737 2464 5790 ad

525 5859 559 5870 -
579 5831 663 5884 Gratia
684 5833 787 5884 unionis
812 5831 896 5884 multo
923 5837 963 5882 ost
989 5833 1113 5882 444444444-
1151 5835 1185 5884 37
1205 5837 1221 5884 l.
1241 5837 1258 5884 2
1277 5861 1309 5870 -·
1330 5833 1423 5884 llnlonl
1449 5837 1579 5898 personali
1607 5837 1725 5900 congrait
1754 5821 1788 5888 di·
1827 5831 1950 5882 unionem
1969 5831 2072 5880 animae
2089 5829 2231 5894 rationalis,
2252 5829 2298 5880 Sed
2322 5827 2399 5878 simul
2424 5827 2464 5880 lle·

473 5923 525 5974 tior
542 5933 621 5986 quam
644 5923 724 5986 gratia
744 5921 894 5984 adoptionis
911 5921 940 5972 444
960 5919 1011 5970 234
1031 5917 1060 5970 3*
1078 5949 1113 5956 -
1150 5923 1253 5972 stinctlo
1271 5923 1415 5984 personalis
1436 5921 1581 5974 secundnm
1610 5927 1739 5990 originem
1759 5923 1787 5976 lll
1827 5921 1887 5984 call,
1907 5919 2070 5972 Divinitatem
2089 5919 2157 5970 44444
2177 5919 2248 5972 canni
2266 5925 2293 5970 et
2315 5917 2418 5970 atlinine
2437 5923 2463 5970 nl

471 6011 520 6062 Ver
538 6011 660 6064 unionem
682 6011 750 6062 Deus
770 6009 909 6074 perfectius
928 6013 967 6060 est
979 6007 1006 6058 ln
1025 6007 1111 6074 aliquo
1151 6009 1184 6060 40
1205 6013 1220 6062 4.
1242 6009 1302 6072 l‚b
1826 6009 1970 6058 eonlnrretls
1989 6005 2022 6060 40.
2042 6005 2071 6056 3*

473 6113 552 6164 quam
573 6113 619 6164 per
639 6101 850 6154 inlrabltnllonem
872 6099 899 6150 444
918 6095 953 6148 52
971 6111 1028 6162 arg.
1047 6097 1111 6146 3-
1202 6125 1239 6138 --
1257 6099 1341 6152 Homo
1360 6101 1446 6166 nragls
1472 6107 1512 6154 est
1538 6101 1644 6154 nnlbllls
1672 6105 1697 6156 in
1725 6117 1786 6158 seno
1869 6123 1914 6172 .‘'
1934 6095 2069 6148 Caranon
2089 6099 2210 6148 estunltn
2226 6095 2395 6148 Verbosicuf
2408 6109 2463 6160 liet·

471 6187 551 6240 Verbi
572 6203 632 6240 eum
650 6197 738 6242 natura
753 6193 867 6240 assumta
883 6185 994 6238 nobilior
1013 6191 1037 6236 et
1058 6201 1111 6252 per·
1150 6189 1293 6240 masculino
1314 6203 1393 6256 qaam
1412 6191 1438 6242 ln
1459 6191 1582 6244 feminino
1601 6193 1620 6244 ll
1637 6191 1787 6260 diiungi
1826 6169 1938 6236 46044446
1949 6185 2100 6248 perfectioni
2114 6185 2141 6236 444
2155 6183 2206 6236 445
2222 6183 2250 6236 4*
2261 6209 2298 6224 ··-
2309 6183 2396 6236 45440
2411 6197 2461 6236 000

471 6277 561 6328 lectior
575 6283 612 6328 ost
626 6291 706 6344 quant
719 6279 781 6330 anio
794 6277 926 6330 Trinitatis
941 6279 1110 6342 pergratiam
1153 6275 1215 6330 Victa
1239 6275 1268 6328 V.
1286 6275 1410 6332 Citrisbm
1429 6277 1457 6334 6.
1826 6275 1947 6324 contenit
1964 6273 2097 6326 Vll‘lflfflfe
2111 6287 2208 6338 COPVVS
2221 6287 2268 6338 per
2288 6269 2394 6326 erodunt
2415 6273 2463 6326 f01'·

470 6365 656 6416 inhabitantem
675 6365 913 6418 etrntanintalusln
936 6365 964 6416 444
983 6365 1034 6416 227
1055 6379 1110 6428 arg.
1187 6365 1217 6418 44
1236 6395 1272 6404 -
1292 6365 1404 6420 Ducebat
1424 6369 1540 6422 Verbum
1561 6383 1694 6422 assumere
1707 6375 1785 6422 totana
1826 6359 2462 6428 maaperficientisttlinstiti-tinnites

470 6455 539 6504 a-
559 6455 618 6506 rna
637 6461 674 6506 est
694 6454 849 6506 44444444
869 6455 894 6506 ro
908 6455 1032 6506 444444
1054 6467 1111 6518 po·
1151 6459 1293 6508 44444444
1315 6463 1434 6508 naturam
1454 6459 1482 6510 nr
1502 6457 1533 6510 aa
1564 6457 1581 6512 4
1607 6485 1643 6498 -
1670 6473 1720 6512 non
1750 6463 1788 6510 est
1878 6479 1913 6490 -
1933 6451 2054 6504 Verium
2070 6457 2110 6504 aar
2128 6453 2275 6518 hypostasis
2300 6453 2412 6504 tronnnrs
2436 6453 2461 6502 le

470 6555 549 6594 sonae
569 6557 648 6610 qaam
668 6545 696 6594 ln
720 6545 844 6596 unionem
870 6545 1006 6594 facientem
1025 6543 1110 6608 cogni·
1150 6545 1788 6610 nistatloaturanrperimuntur.a-asasae-
1825 6549 1914 6604 tecto,
1934 6539 1979 6590 scd
2000 6541 2147 6606 hypostasis
2176 6543 2259 6592 earnis
2285 6541 2311 6590 ln
2339 6539 2458 6606 obliquo,

471 6633 567 6684 tionem
587 6633 614 6684 lll
636 6633 686 6686 303
707 6635 759 6684 42
1149 6637 1205 6700 pilo
1223 6635 1310 6686 carnis
1328 6635 1412 6686 solum
1433 6649 1482 6688 non
1505 6637 1605 6688 lecisset
1634 6637 1714 6690 ileum
1745 6641 1786 6690 ho·
1824 6629 1895 6680 ande
1914 6637 1953 6682 est
1979 6631 2071 6692 homo,
2101 6629 2147 6682 sed
2177 6645 2226 6682 non
2255 6635 2295 6680 est
2313 6643 2386 6694 earo,
2415 6629 2460 6684 sed

525 6747 558 6758 ·-
579 6721 663 6774 Gratia
684 6723 788 6774 unionis
808 6721 943 6772 malorest
962 6735 1110 6786 quamgra·
1149 6723 1467 6776 minemneehonrlncm
1488 6725 1647 6790 baumolei
1669 6727 1787 6778 Densus·
1824 6717 1925 6770 hahens
1944 6731 2049 6770 carnem
2069 6719 2095 6770 lll
2118 6719 2461 6782 itali-iropternnlo·

472 6809 505 6860 ria
527 6811 656 6862 fruitionis
674 6811 704 6860 444
722 6811 756 6860 37
776 6811 791 6860 f.
813 6811 837 6860 3.
858 6809 891 6862 44
910 6825 967 6874 arg.
983 6809 1009 6860 4.
1022 6809 1054 6860 45
1075 6807 1109 6860 4*,
1149 6815 1287 6866 scripsisset
1306 6823 1403 6874 corpus
1421 6815 1578 6866 etanlmam
1598 6821 1628 6866 ut
1649 6817 1786 6866 coniuncta
1825 6823 1884 6860 nem
1904 6821 1963 6860 cnm
1986 6811 2124 6864 0444444444
2141 6821 2202 6860 4444
2222 6807 2315 6860 Christi
2334 6821 2461 6874 praepon-

471 6899 523 6950 270
542 6913 599 6966 arg.
619 6901 645 6952 5.
663 6901 714 6950 388
734 6899 895 6954 ss-rtns
914 6905 966 6964 est,
996 6903 1108 6952 animam
1148 6903 1176 6954 lll
1199 6901 1248 6952 452
1269 6897 1785 6956 b-CaroetanimauniunttrrVerbo
1825 6898 2328 6954 deratomnibnsalilssrtbslanlilslli
2349 6897 2400 6950 445
2421 6899 2448 6952 3*
