5784 8384
582 707 641 762 SAC
662 707 718 774 (tt)
1319 705 1374 774 (66)
1449 753 1450 756 ,
1945 701 2004 756 stc
2021 701 2078 770 (62)

335 799 500 862 coniungitur
520 799 622 862 corpori
644 797 676 848 Ν
695 795 730 848 66
749 797 899 850 2²¹²-Sola
912 809 975 862 pars
1067 823 1099 832 -
1117 793 1212 846 Forma
1229 793 1320 860 verbi,
1341 807 1409 860 quae
1427 793 1548 858 exprimit
1561 797 1649 844 ocium
1686 795 1830 858 morulam,
1857 807 1908 858 qua
1939 805 1989 842 non
2016 791 2221 842 discoutinuatur
2250 796 2323 844 actus

335 887 474 952 materiae,
494 899 562 952 quae
576 885 684 938 venitin
699 899 792 952 usam,
806 889 975 940 consecratur
1011 891 1036 934 et
1060 883 1243 944 intentionem,
1270 887 1307 934 est
1327 895 1374 946 per
1402 881 1511 934 modum
1535 879 1650 932 indicati·
1685 881 1718 932 Ν
1737 879 1773 932 76
1791 879 1822 930 5*

335 975 367 1026 Ν
386 975 436 1026 233
459 975 476 1026 f.
494 975 510 1026 2
1011 983 1089 1034 vum;
1107 957 1207 1034 forma,
1226 983 1295 1034 quae
1307 969 1428 1034 exprimit
1440 969 1597 1032 orationem,
1610 973 1650 1020 est
1721 969 1755 1020 62
1768 997 1802 1008 -
1821 969 1982 1022 Elementum
1997 981 2047 1020 non
2067 967 2174 1032 sufficit,
2197 969 2246 1018 nisi
2258 969 2325 1024 adsit

385 1065 552 1116 -exterius
570 1075 622 1114 nou
647 1069 733 1116 manet
760 1065 787 1114 in
805 1077 847 1128 se,
872 1061 919 1114 sed
947 1061 973 1110 in
1011 1071 1059 1124 per
1079 1057 1185 1112 modum
1207 1057 1449 1122 deprecativumiv
1463 1057 1515 1108 595
1531 1071 1554 1122 a,
1570 1053 1597 1108 3*
1616 1083 1650 1092 -
1686 1055 1730 1122 qui
1752 1059 2030 1120 possitadminisbare
2051 1056 2096 1107 626
2122 1055 2138 1108 6.
2156 1057 2172 1108 2
2192 1083 2226 1096 -·
2247 1057 2326 1110 debet

334 1165 381 1204 suc
404 1151 493 1202 effectu
515 1151 547 1202 lV
566 1149 602 1202 66
622 1149 652 1200 6*
1011 1147 1104 1200 Forma
1122 1147 1277 1212 exprimitur
1293 1159 1341 1210 per
1368 1147 1513 1198 orationem
1536 1145 1650 1196 indicati·
1687 1141 1782 1194 babere
1801 1143 2008 1208 dispensatorem
2026 1143 2171 1206 visibilem,
2192 1149 2217 1194 ut
2243 1147 2324 1198 bomi-

370 1239 399 1290 il
418 1265 453 1278 -·
473 1251 524 1290 nort
543 1245 582 1292 est
601 1241 657 1292 sine
668 1237 752 1290 forma
767 1239 926 1302 praescripta
941 1235 975 1290 Ν
1011 1247 1087 1300 vam,
1105 1237 1167 1302 quia
1187 1235 1353 1286 Sacramenta
1377 1247 1462 1286 norae
1484 1233 1550 1298 legis
1580 1233 1650 1284 certi·
1687 1243 1756 1296 nem,
1775 1243 1827 1282 non
1844 1233 1963 1296 spiritum
1976 1233 2265 1298 iba-dispensatur
2276 1249 2325 1300 per

335 1329 362 1378 86
386 1327 417 1378 2*
434 1353 471 1368 -·-
488 1327 514 1378 ln
536 1327 660 1380 omnibus
685 1327 860 1378 sacramentis
889 1325 972 1376 forma
1011 1321 1159 1374 tudinaliter
1177 1317 1649 1386 ponuntsuumelectuaria-arpa
1688 1319 1820 1370 bominem
1838 1317 1872 1370 ic.
1891 1319 1917 1372 b.
1937 1323 1986 1374 869
2009 1321 2035 1372 6*
2054 1351 2088 1360 —-
2107 1337 2157 1376 non
2180 1327 2264 1386 potest
2281 1323 2325 1378 ad·

334 1415 478 1468 verborum
497 1423 537 1470 εει
555 1415 702 1468 εεεεεεεε6ε
728 1413 761 1466 Ν
783 1413 833 1464 663
852 1413 867 1464 6.
897 1415 906 1464 i
940 1441 974 1452 -
1016 1407 1078 1462 Vide
1100 1407 1128 1462 V.
1148 1407 1294 1464 absolutio.
1687 1407 1826 1458 ministrari
1844 1419 1858 1458 a
1879 1415 1965 1460 satana
1986 1411 2020 1462 Ν
2040 1411 2085 1462 626
2110 1411 2188 1476 bsq.

332 1505 424 1556 Forma
443 1503 520 1558 vorbi
540 1509 579 1556 εει
598 1503 629 1556 de
648 1503 794 1566 integritate
812 1503 973 1554 Sacramenti
1063 1527 1098 1536 -
1116 1499 1148 1550 ln·
1163 1499 1294 1566 aliquibus
1306 1505 1345 1552 est
1358 1495 1464 1552 materia
1478 1497 1649 1550 determinata
1737 1495 1818 1546 —ln
1836 1495 2016 1560 dispensatore
2029 1499 2186 1564 requiritur,
2199 1503 2226 1550 ut
2240 1503 2322 1562 possit

335 1593 367 1646 Ν
386 1593 437 1644 256
458 1593 509 1644 62
536 1599 574 1632 -’
599 1589 717 1660 Verbum
735 1591 867 1644 constituit
887 1593 975 1642 Sacra·
1011 1591 1036 1638 ει
1054 1585 1138 1638 forma
1159 1589 1413 1654 praescripta,quae
1426 1589 1479 1638 vim
1491 1585 1649 1638 babentsibi
1687 1583 1771 1636 facere
1788 1599 1820 1636 ea
1838 1599 1906 1650 quac
1924 1589 1985 1638 sunt
2006 1585 2035 1638 de
2062 1587 2207 1652 integritate
2231 1587 2323 1640 Sacra-

332 1689 449 1734 mentum
470 1681 613 1748 iurationo
632 1667 751 1732 formalis
767 1679 798 1732 Ν
818 1677 866 1732 697
888 1677 974 1742 aret
1012 1673 1046 1726 ad
1063 1677 1113 1726 boc
1133 1675 1220 1728 datam
1239 1677 1274 1730 Ν
1292 1677 1377 1728 fiilia
1406 1703 1440 1714 ··-
1466 1677 1491 1728 ln
1520 1675 1651 1740 aliquibus
1687 1673 1767 1724 menti
1784 1677 1911 1738 quantum
1931 1673 1964 1726 ad
1983 1675 2141 1728 elementum
2165 1683 2192 1728 ει
2209 1677 2323 1728 verbum

332 1797 367 1808 -
386 1767 505 1822 Verbum
527 1773 564 1820 εει
585 1771 777 1836 necessarium,
796 1773 885 1834 utpote
902 1767 975 1834 quod
1012 1777 1062 1816 non
1083 1765 1155 1816 veuit
1168 1765 1240 1816 risa
1262 1763 1344 1818 verbo
1357 1763 1549 1826 exteriori,sed
1565 1763 1598 1816 ab
1612 1765 1651 1814 in·
1688 1761 1720 1812 Ν
1742 1761 1785 1812 626
1811 1761 1985 1828 asa-ed
2000 1765 2195 1816 Sacramentum
2207 1779 2239 1818 ex
2253 1771 2325 1830 parte

332 1857 462 1924 significat
479 1857 511 1908 lV
533 1857 565 1908 65
585 1871 643 1920 arg.
664 1857 678 1908 3
1012 1853 1137 1918 trusere,
1157 1857 1182 1902 et
1202 1853 1294 1904 suflicit
1307 1853 1650 1920 qualiscumqueexpressio
1686 1849 1859 1914 dispensantis
1874 1866 1921 1904 nou
1938 1853 1997 1916 plus
2009 1853 2149 1920 requiritur
2162 1867 2243 1920 quam
2257 1857 2323 1910 ordo

385 1973 421 1986 ·-·
438 1947 466 1998 ln
485 1947 645 1998 sacramenti
665 1947 747 1998 torma
763 1947 869 1998 materia
884 1945 975 1998 sancti·
1012 1937 1073 1992 t‘fa'd.
1090 1967 1126 1978 -
1145 1941 1170 1992 ln
1196 1941 1329 2008 aliquibus
1346 1941 1650 2002 Sacramentisrerbum
1686 1945 1711 1990 et
1729 1941 1835 1992 intentio
1853 1947 1881 1992 ει
1897 1943 1963 1992 actio
1982 1939 2017 1994 Ν
2035 1943 2086 1994 303
2107 1941 2325 1996 tl-Veritas

333 2033 424 2088 ficetur
443 2033 477 2086 Ν
495 2033 547 2086 592
566 2049 624 2098 aru.
644 2035 659 2086 3
679 2047 816 2088 -norae
836 2035 901 2098 legis
918 2047 975 2082 san·-
1012 2029 1110 2080 formae
1130 2043 1180 2082 non
1201 2037 1238 2100 εει
1258 2029 1459 2082 determinatum
1472 2037 1650 2082 neeservatur
1688 2027 1858 2092 Sacramenti,
1879 2043 1947 2094 quac
1969 2031 2084 2082 consistit
2112 2031 2138 2082 in
2166 2045 2196 2082 re
2222 2035 2323 2098 prima,

333 2121 478 2176 ctificantur
495 2137 544 2186 per
562 2113 675 2174 rerbum
695 2123 725 2174 666
738 2123 817 2174 sota
834 2121 973 2172 -Forma
1013 2117 1173 2170 uniformiter
1188 2117 1285 2170 666595
1298 2117 1316 2170 b
1331 2145 1362 2154 -—
1377 2119 1430 2170 Non
1447 2120 1550 2172 fuerunt
1567 2117 1650 2172 verba
1687 2115 1815 2178 salvatur,
1834 2115 1879 2168 ubi
1893 2121 1932 2168 cst
1949 2131 1979 2168 ex
2000 2121 2073 2184 parte
2091 2121 2200 2172 ministri
2215 2121 2284 2174 crdo
2301 2129 2325 2174 et

332 2211 477 2264 verborum
497 2217 538 2264 est
558 2211 724 2262 sanctificans
752 2213 911 2264 elementum
939 2207 973 2262 Ν
1013 2205 1124 2268 praefixa
1146 2207 1193 2256 nisi
1213 2207 1237 2256 in
1258 2205 1362 2258 duobus
1388 2207 1576 2272 sacramentis,
1595 2209 1651 2274 qui·
1687 2205 1791 2256 intentio
1811 2211 1836 2256 et
1853 2205 1929 2258 verbi
1949 2207 2071 2270 prolatio,
2099 2221 2158 2260 cnm
2185 2209 2259 2262 adcst
2279 2211 2325 2262 de·

335 2301 383 2352 663
405 2303 421 2352 f.
440 2301 468 2352 2.
485 2301 537 2352 593
555 2297 640 2352 5*·-
659 2299 834 2352 sanctificator
851 2313 900 2364 per
917 2313 975 2350 ver
1011 2293 1061 2346 bus
1082 2295 1208 2346 Dominus
1225 2295 1446 2360 verbaspeciaiia
1471 2309 1518 2348 ore
1541 2297 1650 2360 proprio
1687 2293 1770 2344 bitum
1787 2293 1946 2346 elementum
1970 2293 2042 2348 rba
2072 2323 2106 2334 -
2135 2295 2325 2354 Administrans

332 2389 397 2442 bum
418 2389 449 2440 ad
470 2391 626 2442 elementum
655 2387 809 2454 adveniens,
836 2389 908 2454 qood
935 2391 975 2440 est
1013 2381 1141 2446 praedixit
1160 2383 1191 2434 Ν
1212 2385 1263 2436 628
1283 2381 1311 2436 5*
1336 2411 1370 2422 -
1399 2385 1422 2436 in
1443 2397 1495 2450 quo
1521 2397 1572 2436 non
1591 2389 1650 2436 sunt
1687 2381 1766 2434 debet
1783 2383 2325 2450 baberediscretionempropterintentic·

334 2477 365 2528 de
384 2479 531 2542 integritate
549 2463 835 2530 formae'Sacramenti
859 2477 894 2530 Ν
921 2475 972 2527 667
1015 2471 1184 2544 determinata
1205 2471 1347 2538 vocabula,
1367 2471 1450 2526 rerba
1465 2485 1648 2538 quaecumque
1688 2483 1746 2520 nem
1767 2475 1791 2522 ct
1810 2471 1965 2524 locutionem
1986 2479 2092 2538 propter
2111 2473 2188 2526 verbi
2204 2473 2325 2538 prolatio-

334 2565 359 2618 d.
377 2565 393 2618 3
413 2593 447 2604 -
468 2581 552 2618 novae
578 2565 644 2630 legis
668 2567 829 2618 sanctificant
849 2579 897 2630 per
915 2577 975 2616 ver·
1012 2573 1117 2612 sensum
1137 2563 1467 2628 exprimentia,quantum
1491 2571 1530 2616 est
1555 2563 1588 2614 de
1613 2577 1655 2634 ra
1689 2573 1746 2610 uem
1766 2559 1798 2610 Ν
1821 2561 1864 2612 626
1890 2561 1906 2612 b

332 2651 396 2706 burn
411 2655 443 2706 Ν
458 2655 508 2706 599
524 2669 579 2720 arg.
595 2653 616 2706 6,
631 2653 682 2708 596
697 2655 714 2706 s.
728 2655 742 2706 3
760 2653 824 2710 Vitia
839 2667 923 2722 supra
939 2649 969 2706 2.
1012 2647 1080 2700 tione
1099 2649 1272 2714 sacramenti,
1285 2651 1428 2716 sufiiciunt,
1449 2651 1469 2704 si
1482 2653 1542 2718 quis
1554 2653 1580 2702 in
1593 2653 1650 2702 bae·
1739 2679 1774 2686 —
1793 2649 1871 2702 debet
1899 2649 1963 2700 uadi
1987 2651 2020 2702 ab
2048 2663 2102 2702 uno·
2129 2651 2323 2720 dispensatore,

385 2771 421 2784 ·-·
438 2743 528 2796 Verba
547 2745 645 2798 babent
657 2745 780 2796 virtutem
793 2751 818 2796 et
832 2745 975 2796 efficaciam
1012 2737 1090 2790 resim
1103 2737 1269 2790 introducere
1282 2753 1334 2792 non
1346 2729 1462 2794 intendat
1473 2739 1651 2794 ibid-For·
1688 2751 1737 2790 non
1759 2737 1911 2802 apiaribus
1933 2739 2024 2790 666626
2043 2753 2105 2790 ε-
2120 2741 2324 2796 ilinisterdebet

333 2835 365 2886 Ν
388 2833 435 2886 686
457 2819 507 2886 662
528 2861 561 2874 ·-··
583 2835 697 2886 Efficacia
720 2835 877 2886 Sacramenti
908 2833 975 2898 prin·
1013 2841 1071 2902 mae
1090 2827 1318 2882 Sacramentorum
1338 2829 1446 2882 traditae
1464 2827 1570 2902 suntab
1583 2829 1650 2902 tipo·
1686 2841 1744 2880 esse
1763 2841 1845 2892 unus,
1865 2829 1926 2894 quia
1946 2829 2074 2892 significat
2086 2827 2216 2882 Christum
2229 2829 2324 2884 60623

333 2925 441 2988 cipaiius
461 2923 556 2976 residet
575 2937 657 2988 penes
676 2921 789 2976 verbum
815 2925 849 2976 Ν
877 2921 928 2974 596
958 2921 975 2972 i.
1012 2915 1083 2968 stolis
1101 2917 1136 2968 Ν
1157 2917 1239 2970 tcta
1261 2919 1424 2970 -Verbum
1446 2933 1570 2984 processu
1589 2927 1650 2972 tem·
1688 2931 1761 2984 asq.
1787 2945 1824 2956 -
1849 2919 1941 2970 Nullus
1963 2925 2046 2982 potest
2071 2917 2121 2970 sibi
2144 2919 2325 2972 administrare

333 3013 357 3062 2.
377 3011 517 3062 5955-
536 3011 624 3064 Virtus
646 3025 695 3062 nnn
722 3021 760 3066 est
779 3015 802 3064 ip
832 3013 973 3074 elemento,
1013 3005 1084 3068 poris
1102 3007 1259 3070 explicatum
1279 3015 1317 3060 εει
1337 3009 1368 3058 Ν
1389 3009 1439 3060 623
1460 3005 1488 3060 3*
1509 3037 1541 3046 -·
1561 3011 1587 3060 Si
1605 2997 1664 3060 Ec?
1688 3009 1884 3058 Sacramentum
1902 3007 1937 3058 Ν
1958 3009 2004 3058 626
2026 3023 2039 3058 a
2061 3021 2101 3074 sq.
2122 2993 2171 3060 622
2192 3023 2215 3060 a

333 3099 379 3152 sed
399 3099 423 3150 tp
442 3099 529 3152 verbo
547 3099 580 3152 iv
599 3099 651 3150 978
671 3099 686 3150 f.
710 3099 732 3150 6,
751 3099 797 3152 att
824 3115 837 3152 a
864 3127 902 3138 --
919 3099 975 3150 sine
1012 3094 1088 3145 ciesia
1102 3095 1210 3148 instituit
1222 3095 1334 3146 formam
1352 3097 1512 3150 Sacramenti
1529 3099 1648 3150 instinctu
1739 3123 1774 3134 -
1796 3097 1909 3146 Potestas
1940 3097 2103 3148 Sacramenta
2128 3095 2325 3150 administrandi

332 3185 417 3240 verbo
435 3189 532 3240 nullius
543 3187 582 3240 εει
596 3189 738 3252 efficaciae,
759 3189 819 3256 quia
835 3189 905 3240 Deus
917 3199 975 3238 cona
1012 3183 1122 3246 Spiritus
1142 3183 1235 3246 sancti,
1255 3189 1353 3236 tantum
1373 3191 1425 3250 est,
1446 3197 1475 3236 ac
1493 3187 1515 3236 si
1534 3183 1650 3236 Christus
1687 3195 1740 3234 noo
1760 3181 1836 3234 babet
1854 3195 1932 3234 usum
1953 3183 2001 3234 nisi
2018 3183 2042 3234 in
2058 3189 2124 3236 statu
2138 3185 2265 3238 Ecclesiae
2277 3187 2326 3236 mi-

332 3275 389 3330 tulit
408 3277 462 3326 rim
482 3273 563 3328 verbo
578 3275 610 3330 Ν
624 3275 659 3326 67
676 3275 694 3326 b
715 3301 748 3312 -
769 3279 871 3330 Materia
887 3289 933 3342 per
946 3289 974 3328 se
1012 3267 1119 3336 proprio
1140 3283 1184 3322 ore
1204 3271 1308 3324 dixisset
1328 3271 1359 3324 Ν
1379 3271 1408 3324 76
1434 3271 1462 3324 i*
1687 3271 1780 3324 litantis
1794 3279 1830 3330 ει
1841 3285 1890 3336 por
1907 3279 2018 3324 mortem
2038 3285 2116 3324 usum
2130 3273 2220 3324 amittit
2234 3273 2259 3326 in
2273 3275 2325 3326 ani·

333 3363 613 3418 nonhabetraticnem
634 3363 973 3430 efficiendirel'oausandi,
1063 3385 1100 3396 —
1118 3359 1200 3412 Unius
1218 3361 1378 3414 Sacrameuti
1397 3363 1421 3412 in
1442 3361 1554 3414 Ecclesia
1574 3363 1649 3416 unica
1688 3373 1729 3410 ma
1748 3367 1868 3424 separata
1887 3359 1920 3412 Ν
1941 3361 2025 3412 boon
2095 3357 2096 3360 ’

332 3453 379 3504 nisi
400 3453 524 3506 adiuncto
542 3453 624 3504 verbo
644 3453 677 3504 Ν
698 3453 747 3504 696
770 3453 797 3504 2*
966 3471 967 3474 ¹
1011 3445 1089 3498 debet
1106 3459 1164 3498 esse
1184 3447 1266 3500 forma
1290 3449 1325 3500 Ν
1352 3447 1387 3500 72
1411 3447 1440 3500 3*
1467 3463 1503 3488 1-
1528 3451 1650 3504 Formam
1739 3477 1773 3486 -
1786 3449 1874 3502 omnia
1887 3451 2027 3524 respiciunt
2039 3451 2217 3502 auctoritatem
2232 3449 2258 3504 in
2272 3453 2324 3504 dis-

382 3569 419 3582 -
437 3543 555 3594 Verbum
575 3543 681 3608 respicit
699 3543 973 3596 eternertturplvasa
1010 3535 1120 3588 eandem
1141 3549 1200 3588 esse
1218 3535 1322 3604 oportet
1348 3539 1492 3596 secundum
1523 3537 1547 3590 id
1577 3539 1649 3606 quod
1688 3543 1812 3602 pensante
1839 3537 1927 3604 aliquo
1947 3537 2025 3590 modo
2045 3537 2149 3608 666805
2175 3549 2188 3588 a
2217 3553 2258 3606 sq.
2287 3567 2324 3580 -

331 3645 400 3682 a...
419 3631 537 3694 Verbum
556 3631 635 3684 debet
655 3631 780 3692 recedere
803 3633 838 3684 ad
861 3633 974 3684 plemen.
1003 3627 1047 3676 'est
1067 3627 1242 3678 necessarium
1264 3633 1288 3678 ει
1316 3629 1453 3682 essentiale
1480 3629 1649 3682 Sacramento
1687 3627 1881 3680 administratio
1904 3627 2133 3680 Sacramentorum
2157 3633 2183 3680 et
2209 3635 2325 3692 potestas

331 3725 384 3774 rum
407 3719 438 3774 lv
462 3723 505 3772 tat
532 3735 600 3774 a...
617 3703 973 3774 Verpnmreierturadele·
1011 3711 1113 3766 166595
1135 3711 1162 3764 2*
1185 3713 1247 3768 Vide
1271 3717 1299 3768 V.
1322 3715 1519 3786 Ordo-formu.
1687 3715 1851 3768 descendite
1873 3717 1956 3780 capite
1974 3713 2325 3772 Cirristoadmernbraeius
2372 3771 2373 3776 ,

332 3818 462 3876 mentum,
477 3811 622 3864 secundum
638 3809 710 3876 (ruod
723 3817 761 3864 est
774 3813 971 3864 Sacramentum
1064 3831 1103 3878 ·-,
1117 3801 1234 3856 Verbum
1254 3807 1397 3872 requiritur
1414 3821 1465 3858 non
1478 3813 1507 3858 ui
1525 3819 1577 3860 vox
1595 3811 1651 3860 tan-
1686 3801 1720 3858 c'b.
1739 3803 1757 3856 b

331 3901 356 3952 ip
375 3907 433 3952 actu
454 3901 486 3954 iv
506 3901 541 3952 66
560 3897 591 3972 3*
608 3927 644 3938 -
662 3899 726 3952 titud
745 3903 853 3964 proprie
871 3905 912 3954 pst
929 3901 986 3958 sa.
1010 3897 1081 3958 tum,
1101 3893 1149 3944 sed
1167 3897 1196 3946 ut
1215 3907 1266 3946 vox
1284 3895 1434 3960 significans
1457 3903 1481 3950 et
1508 3897 1587 3964 talem
1614 3897 1650 3948 in-¹
1738 3895 1947 3960 —Aliquorum
1965 3895 2194 3948 sacramentorum
2219 3893 2323 3960 dispen-

331 3993 503 4050 cramentum‚
524 3987 555 4040 ad
576 3987 649 4056 quod
667 3987 779 4042 refertur
805 3987 917 4042 verbum
937 3989 972 4042 Ν
1010 3981 1140 4050 tellectum
1159 3995 1288 4048 generans
1306 3989 1332 4036 et
1350 3985 1392 4036 tali
1412 3985 1505 4048 modo,
1526 3987 1650 4038 ideoSa·
1687 3983 1752 4036 satio
1771 3981 1894 4036 omnibus
1911 3987 1953 4034 est
1969 3967 2126 4050 commissa,
2149 3985 2174 4032 in
2204 3983 2260 4038 aliis
2288 3999 2325 4038 re·

332 4077 364 4130 65
383 4091 438 4142 arg.
462 4077 477 4128 3
503 4103 540 4116 -
567 4077 684 4130 Verbum
705 4079 811 4144 proprie
831 4079 972 4144 requiritur
1010 4075 1171 4122 crementum
1202 4077 1239 4124 est
1265 4071 1348 4136 idem,
1376 4075 1423 4130 etsi
1453 4075 1573 4142 diversae
1599 4077 1650 4128 siut
1686 4073 1797 4140 quiritur
1817 4071 1893 4124 etiam
1911 4071 1977 4122 ordo
1997 4073 2028 4124 Ν
2047 4069 2098 4122 597
2113 4069 2326 4124 factott-

331 4167 363 4218 pd
383 4171 471 4218 actum
490 4163 551 4218 ibid,
1010 4159 1113 4224 linguae
1133 4161 1165 4214 Ν
1184 4159 1277 4212 68162
1295 4161 1331 4212 76
1350 4159 1379 4212 6*
1403 4161 1554 4230 -forma
1575 4163 1649 4228 verbi
1688 4159 1758 4228 Ordo
1775 4161 1915 4228 requiritur
1934 4161 1968 4212 ad
1985 4161 2156 4224 integritatem
2177 4161 2324 4226 aliquorum

383 4281 417 4292 -
436 4255 477 4308 rid
494 4255 609 4320 perfecte
628 4255 832 4320 significandum
851 4269 903 4308 uon
921 4253 973 4308 sui·
1010 4261 1060 4300 non
1081 4251 1119 4300 est
1139 4251 1282 4302 necessaria
1302 4251 1403 4302 ratione
1419 4251 1494 4304 vocis
1507 4253 1648 4318 exterioris,
1686 4251 1911 4318 sacramentorum
1931 4249 2033 4302 666258
2054 4247 2325 4314 b-Sacromento-

331 4343 381 4396 ticit
410 4345 515 4408 siguum
544 4343 660 4406 audibile
685 4343 741 4396 sine
770 4343 881 4408 risibili,
910 4345 971 4410 quia
1010 4337 1055 4390 sed
1076 4347 1155 4402 prout
1177 4343 1217 4390 est
1239 4341 1392 4404 expressiva
1418 4339 1492 4392 rerbi
1520 4341 1648 4394 interioris
1678 4351 1745 4408 ¹rum
1770 4339 2004 4390 ecclesiasticorum
2022 4337 2210 4392 administratio
2235 4341 2322 4404 prima

329 4431 443 4486 verbum
464 4431 540 4486 debet
557 4433 687 4500 respicere
707 4435 828 4500 signum,
851 4447 900 4486 nee
918 4431 972 4484 sus-¹
1008 4425 1041 4480 Ν
1061 4425 1118 4506 595,
1133 4425 1161 4478 2*
1616 4453 1617 4456 ¹
1685 4433 1710 4478 ει
1720 4427 1896 4492 principaliter
1907 4431 1947 4478 est
1958 4427 2097 4478 commissa
2112 4427 2210 4480 clericis
2222 4435 2250 4482 et
2259 4431 2325 4482 inter

329 4521 502 4588 ticitsignum,
517 4523 565 4572 nisi
579 4521 766 4576 determinetur
779 4521 906 4576 rerbolV
917 4521 969 4574 627
1062 4545 1095 4554 -
1115 4515 1164 4582 Qui
1184 4515 1279 4572 torreat
1296 4517 1378 4570 verba
1399 4517 1605 4584 intelligibiliter,
1622 4519 1659 4572 ii»
1685 4517 1732 4568 bos
1751 4515 1932 4568 sacerdotibus
1946 4513 1982 4580 lV
1998 4515 2043 4568 626
2068 4517 2173 4584 argei,
2192 4531 2206 4566 a
2224 4545 2259 4590 Ι--
2273 4517 2323 4572 dis·

329 4609 521 4668 b-rVerlJum
536 4611 654 4664 additum
666 4617 705 4664 est
719 4611 749 4668 ad
765 4611 926 4666 evidentiam
937 4595 969 4664 Ν
1008 4611 1047 4656 cet
1072 4603 1123 4658 non
1144 4605 1250 4658 omnino
1271 4607 1399 4674 perfecte,
1418 4609 1476 4660 facit
1496 4609 1646 4662 Sacramen·
1686 4611 1827 4672 pensantur
1838 4619 1890 4672 per
1901 4605 2099 4658 Sacramentum
2112 4605 2210 4656 ordinis
2222 4605 2323 4658 Ν667

329 4683 694 4754 255·²l*-Verbumrocale
709 4701 850 4770 requiritur
861 4701 896 4754 ad
910 4699 971 4752 inte-
999 4699 1078 4762 tum,
1098 4707 1150 4748 non
1168 4707 1245 4758 vero,
1268 4697 1288 4746 si
1307 4697 1341 4748 ita
1355 4701 1479 4762 corrupte
1493 4695 1603 4762 profert,
1619 4705 1647 4752 ut
1685 4695 1703 4746 f.
1721 4695 1736 4746 3
1756 4721 1790 4734 -
1809 4695 1885 4746 cuius
1903 4695 2010 4746 materia
2029 4701 2069 4746 est
2086 4701 2251 4758 consecrata,
2270 4709 2328 4748 non

329 4791 449 4854 gritatem
464 4783 621 4842 sacrementi
635 4789 668 4842 Ν
682 4787 717 4842 67
730 4789 745 4840 i.
769 4791 833 4842 2*-
851 4789 980 4842 Verbum¹
1008 4783 1197 4850 convenienter·
1211 4785 1317 4850 intelligi
1337 4799 1387 4850 non
1407 4787 1488 4850 possit
1502 4787 1533 4838 Ν
1552 4785 1588 4838 76
1606 4785 1647 4840 3*.
1685 4783 1763 4836 debet
1780 4783 1953 4836 administrari
1973 4797 2021 4836 nec
2039 4785 2167 4848 contingi,
2182 4785 2229 4834 uisi
2245 4783 2277 4836 ab
2291 4795 2322 4838 eo
2345 4831 2352 4852 ,

329 4877 408 4930 debet
419 4879 543 4944 exprimi,
556 4885 586 4930 ut
599 4879 630 4930 sit
645 4877 756 4944 perfecta
772 4871 899 4942 professio
910 4875 970 4930 fidei
1010 4871 1058 4922 632
1071 4871 1097 4924 d.
1109 4873 1132 4924 -2
1151 4901 1185 4912 -
1199 4873 1355 4940 Correptio,
1370 4889 1437 4940 quae
1452 4875 1515 4926 toltit
1526 4881 1646 4942 sensum,
1684 4875 1728 4938 qui
1749 4865 1827 4924 babet
1844 4887 1940 4926 manus
1956 4879 2120 4926 consecratas
2139 4871 2172 4924 Ν
2192 4873 2243 4924 596
2268 4873 2286 4924 b

328 4969 354 5018 in
373 4967 439 5020 iacto
453 4971 479 5018 ει
495 4965 581 5018 verbo
599 4963 633 5020 ab.
654 4965 670 5018 b
689 4987 725 5020 s·-
741 4965 858 5020 Verbum
878 4967 971 5020 vocale
1007 4963 1112 5014 omnino
1133 4963 1241 5026 impedit
1254 4965 1452 5016 Sacramentum
1466 4965 1497 5016 Ν
1517 4963 1550 5016 76
1571 4963 1647 5016 3*-
1720 4961 1753 5014 63
1772 4989 1806 5000 -
1826 4961 1863 5012 td
1883 4965 2080 5016 Sacramentum
2109 4963 2256 5014 necessaria
2282 4969 2322 5016 εει

328 5057 504 5108 necessarium
524 5059 561 5108 est
581 5055 613 5106 ad
641 5055 828 5120 professionem
854 5051 914 5108 fidet
932 5053 969 5108 ib.
1007 5049 1110 5102 Additio
1130 5051 1277 5108 distrahens
1294 5053 1452 5106 intellectum
1472 5067 1521 5118 per
1539 5055 1657 5118 opposi·=
1683 5053 1788 5104 intentio
1810 5053 1917 5104 ministri
1937 5051 1969 5104 Ν
1990 5051 2023 5102 79
2044 5051 2061 5100 f.
2081 5051 2104 5100 3.
2124 5049 2176 5102 652
2199 5051 2214 5102 6.
2231 5051 2255 5104 i.
2270 5053 2278 5102 6
2286 5053 2320 5106 53

329 5145 347 5196 f.
368 5145 399 5210 i,
418 5141 453 5196 6*.
473 5145 500 5196 76
536 5145 551 5200 6.
579 5145 595 5196 6
624 5171 660 5182 -·
686 5145 741 5196 Non
771 5143 971 5198 suflicitcorde
1008 5145 1062 5192 tum
1082 5139 1190 5202 impedit
1210 5137 1422 5208 Sacramentum,
1448 5141 1551 5196 salvans
1577 5133 1647 5194 intel·
1683 5155 1708 5194 a.
1726 5139 1778 5194 206
1796 5141 1815 5192 6.
1838 5143 1857 5192 Ι.
1879 5139 1929 5192 258
1949 5139 1974 5192 b.
1994 5139 2045 5192 680
2066 5131 2082 5190 6.
2102 5139 2118 5190 3
2140 5167 2175 5178 -
2204 5139 2241 5190 De
2261 5143 2322 5192 inte-

328 5231 443 5298 credere,
457 5235 504 5286 nisi
519 5233 562 5286 fiat
575 5233 702 5298 professio
716 5235 740 5284 in
753 5233 838 5290 verbo
850 5233 970 5286 exteriori
1007 5227 1104 5296 lectum¹
1120 5241 1187 5294 non,
1208 5231 1254 5282 nisi
1275 5231 1334 5296 quis
1352 5231 1413 5292 reiit
1432 5229 1555 5282 inducere
1579 5245 1647 5284 erro·
1684 5231 1775 5294 gritate
1787 5229 1947 5304 sacramenti
1958 5235 2001 5280 est
2013 5229 2119 5280 intentio
2129 5229 2238 5288 faciendi
2250 5223 2321 5298 quod

328 5321 361 5376 Ν
380 5321 416 5374 67
444 5323 501 5388 .t,
524 5319 558 5374 2*.
581 5321 631 5374 595
652 5337 678 5386 a,
700 5319 755 5372 6*
866 5347 867 5350 =
1007 5329 1062 5382 rem
1083 5313 1116 5370 ic.
1139 5315 1167 5370 2*
1263 5355 1264 5358 ,
1324 5341 1325 5344 ¹
1637 5377 1638 5380 Ἴ
1684 5319 1742 5370 iacit
1763 5319 1873 5370 Ecclesia
1892 5307 1925 5368 Ν
1947 5317 2152 5370 ¹ilea—-nou
2168 5321 2207 5370 εει
2219 5319 2322 5370 siuein-

374 5413 418 5448 ’-
431 5409 554 5464 Verbum
575 5411 666 5462 vocale
679 5411 823 5466 institutum
836 5409 925 5464 estad
939 5411 971 5462 si·
1058 5433 1095 5444 -
1112 5405 1227 5458 Variatio
1247 5407 1348 5462 formae
1368 5409 1478 5472 impedit
1496 5409 1646 5460 Sacramen·
1682 5409 1794 5460 tentione
1816 5407 1894 5460 dandi
1913 5407 2109 5458 Sacramentum
2129 5405 2160 5458 Ν
2195 5405 2242 5458 652
2268 5409 2320 5460 62

329 5499 465 5566 gnandum
484 5499 603 5550 Verbum
621 5499 785 5550 incarnatum
804 5485 885 5550 66667
905 5499 970 5552 6)-
1006 5491 1646 5564 tum,nonquaecumque,sedquamutatursi·
1684 5525 1716 5534 -
1736 5497 1944 5548 administratum
1963 5495 2176 5548 siueinteutione
2204 5507 2256 5548 non
2281 5497 2337 5550 εει

329 5589 502 5640 Sacramentis
523 5601 606 5640 novae
624 5589 690 5652 legis
711 5589 835 5654 competit
846 5571 984 5654 verbum,
1007 5583 1137 5648 gnificatio
1152 5583 1427 5640 tricameratas
1442 5587 1645 5640 dt-Simu-
1682 5587 1880 5636 Sacramentum
1899 5585 2062 5644 coramDeo
2089 5575 2122 5636 Ν
2151 5583 2202 5634 653
2231 5583 2260 5634 5*
2285 5613 2321 5622 -

329 5675 401 5742 quod
421 5675 969 5730 babeireritatemetefficaciamaVerbo
1007 5677 1075 5724 tatur
1092 5673 1251 5736 forma‚non
1267 5673 1293 5724 tit
1306 5661 1503 5738 Sacramentum
1518 5673 1644 5726 illlata
1683 5671 1770 5726 Verba
1788 5687 1839 5726 uon
1859 5675 1956 5726 iaciunt
1973 5673 2170 5728 Sacramentum
2199 5675 2256 5726 sine
2282 5675 2319 5726 in-

328 5765 432 5818 aet'ernc
452 5763 484 5816 Ν
505 5763 551 5834 696
575 5753 595 5814 6]
622 5777 663 5830 sq.
688 5751 794 5814 -Nos
819 5763 969 5830 indigemus
1006 5775 1047 5826 sq.
1058 5759 1111 5814 596
1124 5763 1416 5826 arpa—immutatio
1429 5761 1574 5814 verborum
1589 5763 1644 5814 sinc
1682 5765 1792 5820 tentione
1812 5763 1844 5814 Ν
1868 5761 1916 5814 656
1936 5777 1959 5814 a.
1978 5763 2029 5814 206
2053 5765 2070 5814 6.
2095 5763 2104 5814 6
2139 5791 2172 5800 —-
2201 5763 2319 5814 Verbum

328 5853 424 5904 virtute
442 5849 517 5904 verbi
536 5851 568 5904 Ν
591 5851 641 5904 687
659 5865 674 5904 a
1005 5847 1101 5916 erroris
1116 5845 1263 5910 assertione
1281 5863 1333 5908 nou
1346 5851 1456 5914 impedit
1469 5851 1501 5904 Ν
1515 5847 1548 5904 76
1569 5849 1596 5904 6*
1608 5881 1645 5890 --
1681 5859 1707 5904 ει
1724 5853 1883 5910 elementum
1902 5865 1953 5904 uon
1982 5853 2080 5904 faciunt
2106 5853 2319 5916 Sacramentum,

380 5969 417 5982 -
446 5941 565 5996 Verbum
599 5939 753 5994 determinat
784 5941 968 6006 intentionem,
1007 5937 1055 6004 Qui
1069 5937 1179 6006 formam
1194 5937 1321 5998 Ecclesiae
1334 5951 1363 5990 ex
1378 5947 1448 5992 certa
1465 5941 1571 5994 scientia
1589 5955 1644 5994 mu·
1681 5943 1728 5994 nisi
1749 5943 1780 5994 sit
1799 5943 1905 5996 intentio
1924 5943 2034 6006 iungens
2055 5939 2087 5994 Ν
2102 5939 2196 6006 tera,
2214 5937 2241 5988 6*
2258 5939 2320 5996 Vide

329 6033 390 6100 quia
410 6035 482 6084 ectus
500 6033 587 6096 potest
604 6029 662 6084 fieri
680 6029 817 6094 multipiici,
829 6031 969 6082 intentione
1005 6029 1041 6078 tat
1058 6023 1173 6090 graviter
1193 6033 1284 6090 peccat
1302 6025 1401 6078 666698
1419 6027 1447 6080 6.
1466 6029 1489 6082 6.
1511 6031 1560 6082 288
1581 6031 1644 6084 (6.5
1686 6029 1713 6082 V.
1733 6027 1854 6084 fuieoir'o.
1923 6037 1924 6040 ’
2176 6077 2177 6080 ,

328 6121 362 6174 Ν
380 6121 411 6172 76
434 6119 465 6174 2*
481 6121 639 6186 -Propier
658 6119 832 6172 necessariam
851 6117 971 6170 intentio·
1059 6143 1095 6150 —
1112 6129 1164 6166 non
1182 6119 1221 6166 est
1238 6117 1413 6182 completum,
1433 6133 1572 6186 quousque
1595 6125 1644 6174 ter·
1734 6119 1905 6174 -Verbum
1925 6117 2082 6170 debetcum
2101 6119 2241 6170 intentione
2261 6131 2325 6190 pro-¹

329 6223 387 6264 aem
409 6213 583 6264 necessarium
602 6213 642 6262 εει
665 6207 780 6262 verbum
802 6213 906 6262 arctans
932 6207 970 6260 in·
1007 6207 1133 6258 minatum
1153 6195 1185 6258 sit
1203 6203 1316 6258 verbum
1336 6205 1368 6258 Ν
1394 6207 1421 6258 86
1452 6207 1487 6262 ab·
1515 6209 1560 6262 236
1590 6209 1607 6262 f.
1625 6211 1644 6264 ¹5
1682 6209 1740 6264 ferri
1761 6207 1794 6260 Ν
1815 6207 1858 6260 626
1885 6207 1909 6260 b.
1931 6207 1980 6258 652
2000 6207 2017 6258 i.
2036 6207 2052 6258 2
2071 6233 2106 6246 -
2126 6205 2220 6258 debent
2240 6207 2321 6272 admi-

328 6299 469 6352 tentiouem
488 6299 522 6350 Ν
540 6297 574 6350 70
594 6297 620 6352 b.
639 6285 669 6348 76
694 6297 732 6350 3*.
751 6291 801 6350 666
816 6297 903 6352 abac
920 6295 968 6348 66
1005 6293 1645 6362 -Ωεεεᾱοιοιεειάἰειεειιεει,ιοιεεειεειεει
1681 6297 1781 6348 nistrari
1801 6295 1986 6350 rationabiliter
2011 6299 2035 6348 ει
2060 6309 2090 6348 ex
2117 6297 2258 6348 intentione
2285 6297 2319 6350 Ν

326 6415 363 6426 -
382 6387 418 6440 De
430 6389 583 6440 necessitate
596 6389 694 6438 formae
707 6391 745 6440 est
758 6387 870 6440 verbum
884 6387 970 6450 expri-
1005 6391 1055 6450 εει,
1076 6383 1122 6438 sed
1142 6385 1247 6452 quando
1267 6385 1394 6436 Dominus
1408 6377 1483 6452 ¹facit,
1497 6389 1553 6452 ipse
1574 6389 1645 6442 novit
1682 6387 1731 6438 653
1750 6401 1767 6438 a
1795 6413 1830 6426 -
1855 6387 1962 6438 intentio
1989 6385 2112 6450 ministri,
2135 6399 2186 6450 qua
2210 6385 2319 6438 intendit

328 6491 403 6528 mens
420 6477 590 6528 intentionem
610 6477 643 6528 Ν
662 6475 696 6528 70
714 6467 768 6528 Ι63
792 6475 966 6528 -Verbum
1005 6473 1038 6526 Ν
1057 6475 1109 6528 269
1129 6473 1158 6528 2*
1175 6501 1212 6514 -
1229 6475 1250 6526 si
1271 6479 1387 6526 remanet
1400 6475 1645 6544 imperfectum,ui·
1681 6479 1739 6526 actu
1754 6483 1783 6528 ἐι
1801 6473 1885 6526 verbo
1903 6475 2023 6528 eti'eclum
2049 6473 2127 6540 dare,
2154 6469 2197 6526 vel
2225 6475 2318 6526 saitem

327 6567 477 6630 exprimens
494 6567 664 6618 intentionem
682 6567 825 6632 requiritur
838 6567 862 6618 iu
881 6567 970 6618 Sacra·
1005 6563 1040 6614 bil
1058 6570 1098 6617 est
1116 6565 1227 6630 facium,
1245 6573 1295 6616 'nec
1313 6559 1392 6616 debet
1415 6563 1465 6616 dici
1493 6567 1641 6630 inceptum,
1680 6563 1753 6630 quod
1772 6564 1830 6616 iacit
1847 6565 1958 6614 Ecclesia
1972 6561 2072 6628 fucere,
2089 6563 2132 6614 vel
2144 6561 2235 6614 saltem
2247 6563 2319 6630 quod

328 6659 429 6722 mento,
449 6655 522 6724 quod
540 6657 580 6708 εει
599 6653 631 6706 ad
658 6653 769 6706 aiterum
788 6651 821 6708 60.
841 6653 867 6706 b.
886 6653 916 6706 76
940 6651 969 6704 3*
1005 6651 1051 6704 sed
1078 6660 1160 6708 totum
1184 6658 1224 6706 est
1247 6651 1455 6718 reincipiendum
1475 6647 1509 6706 Ν
1528 6653 1563 6704 75
1583 6655 1643 6706 d.3
1680 6651 1796 6708 cbristus
1815 6651 1922 6704 instituit
1941 6651 2106 6716 dispensare,
2132 6651 2234 6708 ordinat
2261 6665 2320 6704 rer·

326 6747 363 6784 ’-
390 6743 417 6796 ln
443 6745 528 6798 forma
555 6743 711 6810 exprimitur
740 6751 815 6798 actus
845 6733 968 6806 ministri,
1006 6743 1117 6794 -Post
1137 6741 1645 6808 interpositionem,quaediscontinuat
1680 6741 1743 6794 bum
1764 6747 1788 6794 et
1807 6743 1964 6794 elementum
1983 6741 2107 6792 adtalem
2122 6737 2318 6794 eflectumibid.

329 6845 388 6902 cum
409 6831 579 6900 aliquidagit
598 6833 665 6886 circa
691 6835 826 6886 materiam
854 6833 888 6884 Ν
917 6831 968 6884 690
1005 6831 1173 6882 intentionem
1202 6837 1226 6884 ει
1250 6831 1355 6896 longam
1381 6831 1442 6882 facit
1466 6845 1582 6898 moram,
1602 6845 1644 6882 ne
1679 6859 1714 6870 -
1733 6831 1895 6894 Dispensatio
1913 6831 2136 6882 Sacrameutiest
2159 6827 2193 6880 ab
2216 6831 2318 6882 actione

327 6935 384 6988 arg.
407 6921 430 6974 9.
456 6921 496 6974 696
524 6921 540 6972 b
1005 6933 1079 6972 cesse
1096 6923 1136 6972 est
1153 6911 1310 6986 reincipere,
1325 6917 1370 6972 sed
1385 6933 1435 6972 non
1454 6925 1514 6984 post
1532 6933 1647 6984 parram¹
1680 6921 1800 6984 ministri,
1821 6933 1889 6986 quae
1906 6917 2013 6996 respicit
2039 6917 2206 6970 intentionem
2232 6917 2319 6972 dantis
