5792 8392
681 641 742 692 aar
1068 527 1354 618 saura'uruauu
1376 549 1719 618 444444444444444
2045 643 2106 694 aaa
2321 555 2386 624 444

397 731 471 796 quim
492 743 552 784 cnm
571 731 665 782 444444
684 741 728 792 re,
747 741 799 780 non
818 733 877 780 sunt
896 729 923 780 in
941 743 973 782 ca
992 729 1035 780 ab·
1124 753 1160 764 -
1178 739 1285 788 semper
1310 723 1432 776 tundatur
1457 737 1539 788 super
1562 723 1711 778 absolutum
1802 755 1838 768 --
1856 729 1986 794 dependet
2003 745 2020 782 a
2039 731 2193 786 correlative
2212 733 2388 800 essentialiter,

396 819 559 882 solute,sed
578 819 603 868 in
623 817 818 880 comparatione
839 817 871 868 nd
895 819 1005 870 alterum
1026 819 1034 870 l
1072 817 1078 864 4
1101 813 1152 868 454
1171 811 1196 864 b.
1217 813 1267 864 579
1289 811 1326 864 4*.
1346 813 1376 864 lV
1397 811 1469 864 794
1747 815 1790 866 vet
1808 815 1998 870 accidentaliter
2019 819 2116 870 444494
2138 819 2166 874 4*

397 905 448 958 573
471 905 498 958 4*
519 933 553 942 -
570 909 610 956 est
628 905 653 954 in
674 903 807 970 subiecto,
826 919 877 958 non
902 905 1034 972 absolute,
1107 927 1161 956 .-···
1179 901 1266 952 minus
1286 897 1363 954 itabat
1382 901 1416 952 de
1433 905 1492 952 ente
1511 901 1654 966 quirinalia
1668 915 1711 964 ge·
1801 891 1836 940 -ὲ
1855 905 1920 954 dini}
1939 905 2074 960 ordinatur
2096 909 2129 960 ad
2155 909 2267 976 aliquid,
2286 909 2334 962 nisi
2353 909 2388 962 ad

395 995 441 1048 sed
461 995 495 1046 ad
513 995 623 1046 alterum
641 989 704 1044 4644,
724 1019 758 1044 ,-
779 1005 828 1044 uon
850 995 960 1046 totaliter
973 1009 1035 1048 con·
1071 1005 1131 1044 nera
1154 989 1341 1052 mercaturis,
1363 987 1409 1040 4444
1434 987 1519 1041 didert
1543 987 1713 1040 essentialiter
1747 987 1810 1040 illud
1832 991 1924 1044 444444
1943 993 2134 1048 inclinationem
2154 997 2232 1050 4374
2253 999 2345 1062 4445
2451 991 2453 996 ’

395 1083 460 1136 444444
480 1085 504 1134 44
524 1095 556 1134 44
575 1079 647 1146 quad
662 1085 779 1142 estesse,
794 1083 840 1134 sed
854 1083 940 1150 aliquo
954 1083 1035 1134 modo
1071 1077 1247 1132 44444444444
1269 1077 1275 1126 l
1297 1075 1348 1128 456
1367 1073 1397 1126 5*
1415 1101 1449 1114 --
1469 1075 1713 1128 minustaciteom·
1801 1105 1837 1116 ·-
1856 1079 2038 1134 denominatur
2057 1083 2091 1136 ab
2109 1089 2384 1154 eoextremo,inqu0
2486 1083 2488 1088 ’

395 1173 510 1224 consistit
529 1167 591 1222 44444.
611 1193 645 1206 -·
665 1167 726 1218 dicit
744 1169 843 1236 aliquid
868 1171 901 1224 de
926 1185 974 1238 co,
1002 1171 1035 1222 dc
1072 1167 1229 1234 positionem
1257 1179 1339 1230 quam
1367 1165 1433 1216 entia
1460 1163 1579 1216 absoluta
1598 1161 1659 1218 ibid.
1676 1191 1713 1204 -·
1748 1167 1833 1216 maior
1850 1173 1890 1218 444
1908 1167 2082 1232 dependentia
2100 1173 2135 1224 lV
2154 1173 2208 1224 677
2225 1177 2242 1224 4.
2264 1175 2278 1226 3

395 1271 449 1326 quo
470 1259 563 1308 dicitur
581 1253 615 1308 44.
635 1253 666 1308 5*
1071 1257 1220 1310 4444444444
1238 1255 1369 1306 relationis
1388 1267 1402 1302 a
1422 1251 1540 1304 subiecto
1558 1253 1586 1302 in
1605 1265 1659 1318 quo
1676 1253 1714 1302 in·
1801 1251 1938 1306 -Omne
1958 1257 2095 1310 relativum
2113 1263 2326 1328 aequiparandae
2345 1263 2389 1316 de·

449 1371 484 1384 —
503 1345 699 1410 Respectivurn,
719 1347 789 1412 quod
809 1347 869 1400 dicit
888 1349 974 1400 solum
993 1349 1035 1398 lra-
1072 1347 1143 1398 ducit
1154 1339 1458 1410 4444444444444441573
1472 1339 1572 1392 44476
1585 1339 1713 1392 47844*
1748 1341 1864 1392 nominat
1876 1347 1996 1394 extrema
2017 1347 2162 1398 secundum
2181 1351 2388 1404 modnmcousi·

394 1433 555 1498 hitadinem,
584 1434 669 1485 solnm
702 1433 745 1486 dat
771 1449 828 1488 4444
857 1439 1032 1502 respectivum
1124 1433 1300 1484 -couvenit
1319 1443 1378 1482 cnm
1400 1429 1455 1480 aliis
1475 1427 1615 1492 generibus
1629 1431 1655 1480 iu
1670 1443 1711 1480 ra·
1748 1429 1864 1482 mileml
1886 1427 1935 1480 346
1957 1431 2016 1482 nt.
2036 1431 2237 1490 34745374.
2260 1441 2270 1490 4
2293 1455 2388 1494 -aa

395 1523 403 1572 l
425 1521 475 1572 458
494 1519 523 1572 4*
542 1549 576 1560 -
596 1523 620 1572 in
641 1525 767 1574 creaturis
787 1539 837 1574 non
863 1525 925 1578 dant
951 1527 1035 1578 relati·
1073 1527 1140 1578 tione
1155 1521 1357 1588 praedicamenti
1370 1527 1397 1570 44
1409 1519 1557 1586 accidentis,
1574 1519 1713 1570 disconve-
1748 1519 1926 1584 quiperantiaa
1946 1521 2051 1582 respicit
2075 1527 2215 1590 utrumque
2239 1509 2385 1580 extremum

394 1611 435 1662 vis
454 1611 578 1672 existere,
591 1613 616 1662 ct
628 1611 684 1662 sine
703 1611 750 1662 illis
770 1615 855 1674 potest
872 1627 915 1664 res
932 1629 990 1666 osse
1008 1619 1035 1664 et
1072 1617 1119 1680 nit,
1140 1613 1200 1680 quia
1222 1623 1272 1664 non
1291 1611 1375 1662 solum
1403 1605 1481 1660 nabet
1505 1611 1653 1670 respectum
1677 1607 1712 1658 ad
1748 1605 1891 1672 aequaliter
1908 1605 1942 1656 lV
1964 1605 2014 1658 494
2033 1621 2056 1658 4.
2078 1607 2128 1660 677
2147 1623 2205 1674 arg.
2224 1613 2250 1664 3.
2268 1613 2321 1668 775
2339 1617 2355 1668 t.
2371 1617 2381 1668 4

395 1711 455 1752 curn
476 1698 550 1750 444444
572 1697 622 1750 tte
644 1699 668 1750 4.
689 1697 704 1748 4
723 1725 758 1736 -
778 1699 950 1764 proprietates
969 1703 1035 1752 rela-
1071 1701 1228 1764 subiectum,
1247 1701 1390 1752 sedetiam
1411 1695 1443 1748 444
1463 1695 1595 1748 obiectum
1608 1697 1616 1748 l
1631 1693 1710 1746 4564
1747 1719 1783 1732 -
1800 1695 2014 1760 aequiparandae
2039 1697 2149 1764 requirit
2175 1703 2384 1756 convenientiam

396 1787 507 1840 tiraein
528 1781 1032 1840 creaturis'suntntadvenientesl463
1070 1789 1186 1840 -dicit
1206 1795 1354 1854 respectum
1374 1787 1407 1838 ad
1433 1785 1581 1838 subiectum
1606 1785 1631 1834 in
1658 1797 1712 1850 quo
1747 1783 1812 1834 inter
1832 1787 1947 1836 extrema
1967 1785 1998 1834 lV
2019 1785 2066 1836 704
2091 1785 2106 1836 4.
2129 1785 2138 1836 4
2160 1791 2384 1854 *aequiparan-

395 1873 467 1928 b-
486 1875 558 1926 Prius
576 1881 615 1926 est
636 1889 693 1926 esse
713 1889 792 1942 quam
817 1877 907 1928 reterri
926 1873 961 1928 44.
980 1877 996 1926 t.
1017 1877 1033 1926 4
1070 1883 1096 1926 44
1113 1875 1147 1928 ad
1166 1883 1310 1928 extremum
1332 1877 1363 1930 ad
1385 1875 1457 1942 qnod
1477 1875 1497 1926 V
1514 1875 1546 1924 78
1562 1871 1608 1924 44*
1621 1899 1656 1910 -·
1668 1875 1712 1924 lta·
1747 1869 1796 1922 dae
1817 1869 1951 1936 potissime
1969 1873 1991 1922 ei
2012 1875 2206 1940 appropriatur,
2223 1875 2251 1926 in
2275 1889 2329 1942 quo
2346 1883 2386 1932 ast

447 1991 483 2004 -
501 1965 646 2028 Respectus
665 1977 744 2016 verus
764 1967 789 2016 44
808 1971 927 2016 ereatura
948 1965 1035 2016 differt
1070 1963 1114 2016 bct
1143 1967 1363 2028 comparationem
1394 1973 1421 2016 ut
1449 1963 1482 2016 ad
1512 1949 1658 2016 subiectum
1684 1963 1710 2012 in
1747 1961 1938 2012 consummatio
1957 1959 2024 2012 itlius
2042 1949 2148 2016 444677
2166 1963 2220 2016 tt

394 2053 428 2106 44
446 2053 565 2106 absoluto
587 2067 633 2118 per
653 2055 800 2116 essentiam,
814 2059 909 2106 444444
923 2045 1032 2104 444444-
1070 2065 1123 2116 quo
1144 2057 1168 2102 et
1187 2057 1216 2102 ut
1232 2053 1266 2102 ad
1285 2055 1426 2106 terminum
1447 2053 1573 2118 adquam
1589 2051 1608 2104 V
1633 2049 1665 2102 76
1685 2065 1710 2102 a.
1800 2037 1840 2086 -’
1852 2049 2001 2102 3444444444
2021 2049 2383 2114 044444444444444444414444

396 2145 530 2208 paratione
548 2143 582 2194 ad
602 2143 671 2196 atiud
690 2157 737 2206 pcr
756 2139 990 2194 4444444444573
1005 2137 1033 2190 3*
1070 2137 1159 2190 4444
1582 2169 1583 2172 =
1747 2139 1827 2190 4560
1845 2153 1902 2204 arg.
1922 2139 1938 2190 4
1957 2167 1991 2178 -
2009 2143 2075 2192 44444
2087 2147 2201 2194 extrema
2214 2147 2284 2194 notat
2297 2143 2386 2196 distin·

324 2267 327 2274 ,
397 2259 431 2266 -
449 2231 594 2294 Respectus
611 2233 637 2280 iu
659 2231 784 2282 creaturis
802 2229 1034 2292 nonpraedicatnr
1121 2251 1159 2264 -
1176 2225 1255 2278 nabet
1268 2231 1489 2292 comparationem
1505 2229 1537 2282 ad
1551 2229 1710 2294 subiectum,
1746 2229 1858 2282 ctionem
1881 2229 1959 2282 4483
1977 2243 2001 2280 a.
2021 2229 2382 2298 4489444444034444

395 2317 428 2370 de
447 2319 567 2370 absoluto
588 2333 635 2372 nec
655 2331 810 2370 econverso
824 2315 883 2370 t'trt'd.
898 2343 930 2356 -
944 2315 1034 2368 Nullus
1070 2317 1095 2366 in
1115 2327 1168 2382 quo
1187 2319 1234 2382 cst,
1256 2317 1334 2368 etad
1353 2319 1503 2380 terminum,
1523 2319 1555 2370 ad
1570 2331 1648 2384 quem
1661 2324 1709 2384 est,
1746 2345 1781 2374 -,
1800 2319 1859 2372 iacit
1878 2319 2018 2370 relatorum
2032 2319 2220 2396 distinctionem
2241 2321 2315 2372 4484
2328 2321 2345 2372 4.
2358 2321 2385 2374 3.

395 2415 531 2472 respectus
548 2413 669 2460 censetur
689 2407 794 2464 nomine
813 2407 883 2468 eius,
904 2405 935 2456 ad
962 2403 1032 2470 quod
1070 2403 1146 2456 etad
1166 2403 1334 2470 principium,
1354 2419 1367 2454 a
1389 2419 1441 2470 quo
1462 2413 1500 2458 est
1519 2409 1545 2458 444
1569 2407 1650 2458 4944
1747 2409 1834 2462 0443
1854 2407 1872 2460 4
1891 2433 1926 2446 -
1946 2409 1968 2458 in
1989 2411 2184 2472 comparatione
2196 2409 2229 2460 ad
2244 2411 2384 2460 terminum

395 2497 504 2548 refertur
525 2497 546 2550 V
566 2497 599 2548 43
621 2497 636 2546 4.
659 2493 690 2546 44
1087 2561 1089 2566 ¹
1123 2519 1159 2530 ·-
1177 2493 1326 2544 Relativum
1350 2491 1428 2544 debet
1454 2493 1711 2546 naberecorreled-
1746 2497 1805 2548 iacit
1824 2497 2040 2550 distinctioneml
2063 2497 2198 2564 4564444
2211 2483 2263 2550 573
2276 2497 2383 2550 avio

446 2613 483 2622 -
500 2583 647 2634 secundum
668 2597 696 2634 se
716 2595 766 2634 non
786 2589 825 2634 est
844 2579 1032 2646 perceptibilis,
1071 2595 1134 2632 4444
1156 2579 1205 2632 4444
1224 2581 1389 2646 4444444444
1407 2583 1415 2632 4
1435 2579 1485 2632 548
1508 2581 1531 2634 d.
1545 2583 1561 2632 6
1576 2607 1608 2620 -
1624 2583 1710 2634 omnis
1745 2597 1768 2634 a.
1787 2583 1822 2634 78
1842 2583 1898 2634 tr.
1916 2585 1967 2634 444
1987 2583 2006 2634 4
2024 2611 2060 2624 -
2079 2587 2220 2650 Respectus
2241 2590 2346 2640 urutnus
2359 2593 2384 2640 ct

395 2671 440 2724 sed
460 2673 558 2724 ratione
577 2671 717 2724 relatorum
736 2669 771 2722 lV
789 2669 841 2720 676
861 2667 891 2718 3*
1071 2669 1150 2738 ponit
1166 2667 1220 2720 duo
1243 2676 1356 2721 extrema
1378 2669 1386 2718 l
1406 2667 1458 2720 505
1476 2667 1504 2720 d.
1523 2667 1536 2718 3
1557 2695 1593 2708 -
1610 2667 1644 2720 ad
1664 2671 1710 2718 mi·
1730 2673 1900 2724 ,intrinsecus
1925 2671 2062 2736 distinguit
2086 2673 2107 2724 V
2137 2673 2168 2724 46
2195 2673 2241 2726 44*
2262 2703 2297 2712 -
2316 2689 2384 2742 quae

447 2787 482 2798 -
501 2759 599 2824 Ornne,
619 2757 691 2826 quod
712 2757 829 2820 retertur,
852 2767 891 2810 est
915 2757 1029 2824 aliquid,
1070 2773 1119 2810 nus
1139 2763 1176 2808 est
1195 2759 1260 2808 inter
1279 2757 1346 2810 duos
1366 2757 1400 2810 lV
1417 2757 1464 2808 704
1489 2757 1536 2808 ct
1745 2765 1804 2810 sunt
1829 2759 1862 2810 ad
1887 2763 1971 2826 extra,
1995 2773 2046 2810 non
2071 2761 2166 2812 iaciunt
2193 2761 2382 2816 distinctionem

394 2855 500 2914 excepto
520 2863 551 2900 eo
571 2847 643 2914 quod
662 2847 770 2898 relative
788 2847 882 2898 dicitur
902 2847 909 2898 l
929 2845 980 2898 453
995 2843 1032 2898 6*.
1122 2871 1157 2884 -
1176 2847 1246 2898 lticrn
1267 2861 1317 2900 non
1338 2845 1416 2900 44444
1435 2847 1467 2898 44
1487 2861 1516 2898 44
1529 2847 1618 2898 reterri
1634 2855 1656 2898 et
1670 2859 1709 2898 or·
1746 2847 1768 2898 V
1786 2847 1821 2898 78
1841 2847 1888 2898 45*

293 2971 295 2980 .
395 2937 445 2988 457
465 2951 522 3002 444.
541 2937 566 2988 4.
587 2935 674 2988 5734.
694 2935 815 2988 44474
835 2949 890 3000 arg.
910 2933 1032 2988 t-ne·
1070 2937 1152 2988 dinari
1172 2937 1189 2986 lt
1211 2935 1260 2986 653
1280 2931 1419 3000 5*,6*-
1440 2933 1557 2998 44444444
1577 2949 1604 2988 44
1630 2937 1709 2988 44444-
1799 2937 1966 2988 Μ--434444444
1993 2943 2170 3002 opponuntur,
2195 2943 2220 2990 et
2241 2953 2383 2994 4444444-

394 3025 511 3092 lativnm,
531 3027 603 3092 quod
623 3027 684 3078 dicit
704 3033 850 3090 respectum
865 3023 982 3076 adalind
997 3023 1032 3076 di·
1070 3031 1110 3078 444
1130 3021 1359 3076 uecordinaturl
1381 3023 1429 3076 483
1451 3025 1708 3078 a-llelationese·
1745 3025 1825 3077 cludit
1849 3025 1919 3078 alind
1946 3009 2025 3076 4385
2045 3025 2095 3078 tt
2122 3025 2182 3080 ride
2204 3027 2233 3078 V.
2255 3027 2380 3096 Opposita

393 3099 499 3168 rersum
521 3115 665 3168 secundum
689 3117 840 3180 essentiam,
860 3119 901 3166 est
918 3113 1031 3180 aliquid,
1070 3113 1186 3166 cundum
1214 3113 1360 3164 casentini
1391 3113 1501 3164 retertur
1520 3113 1552 3164 ad
1570 3129 1599 3176 44
1620 3115 1707 3178 ipsum
1745 3111 1817 3180 (474
1836 3111 1873 3178 tr).
1892 3141 1926 3150 -—
1946 3113 2048 3168 Nullum
2072 3117 2208 3168 relativum
2236 3117 2382 3172 diciturne

394 3213 501 3270 excepto
527 3219 558 3258 co
579 3205 651 3272 quod
669 3205 777 3256 relative
796 3205 900 3270 dicitur,
920 3217 972 3254 non
992 3217 1032 3254 so·
1069 3201 1214 3256 secundum
1240 3203 1310 3254 idem
1335 3201 1413 3254 4548
1435 3201 1461 3252 44.
1479 3201 1496 3252 5
1514 3229 1549 3240 --
1569 3201 1707 3268 Quoddam
1745 3203 1794 3254 etio
1813 3203 1821 3252 l
1841 3203 1893 3256 539
1922 3217 1977 3266 arg.
2007 3205 2021 3252 6
2050 3231 2085 3276 7-
2113 3205 2215 3258 Nullum
2246 3207 2382 3258 relativum

393 3295 446 3346 luni
467 3309 495 3346 ex
517 3299 589 3358 parte
607 3295 714 3348 rationis
737 3291 910 3358 intelligendi,
937 3305 1030 3344 trorum
1069 3287 1244 3358 respectivum
1265 3291 1327 3342 dicit
1350 3297 1500 3354 respectum
1520 3291 1554 3342 ad
1579 3291 1648 3342 aliud
1669 3291 1708 3342 di·
1747 3297 1830 3356 potest
1857 3293 1915 3344 esse
1943 3293 2025 3344 torma
2055 3295 2093 3344 444
2123 3295 2267 3346 correlativi
2297 3297 2305 3348 l
2330 3297 2381 3348 660

394 3385 470 3436 etiam
490 3397 521 3436 ex
539 3389 612 3446 parto
632 3383 668 3434 rei
689 3381 711 3432 V
731 3381 765 3432 77
785 3381 814 3432 4*
1068 3393 1173 3434 versum
1189 3381 1333 3432 secundum
1347 3381 1494 3444 essentiam,
1509 3381 1643 3446 quoddam
1655 3393 1707 3432 non
1746 3393 1801 3444 arg.
1822 3381 1836 3432 4
1919 3411 1920 3414 =

448 3499 481 3510 -
500 3471 686 3536 Respacdrum
707 3471 815 3522 includit
839 3471 1029 3522 anselutan
1070 3471 1130 3522 dicit
1148 3477 1296 3534 respectum
1318 3471 1364 3522 nisi
1379 3469 1410 3522 ad
1424 3471 1522 3536 aliquid
1535 3469 1584 3522 4444
1598 3469 1708 3522 consub-
1799 3497 1833 3508 -
1852 3469 2004 3522 Secundum
2023 3471 2381 3536 aliquosrelativasecxelu·

393 3559 426 3612 74
446 3561 652 3624 at¹g.l—-est
670 3561 779 3612 alicuius
797 3565 826 3610 ut
843 3561 986 3624 suppositi,
1007 3565 1030 3610 et
1069 3559 1185 3612 standale
1205 3559 1224 3608 V
1247 3557 1280 3610 77
1301 3557 1353 3610 4*.
1480 3629 1482 3634 Ι
1746 3559 1825 3624 dont,
1847 3563 1954 3612 utsuut
1981 3561 2102 3624 opposita
2131 3567 2154 3612 44
2183 3561 2328 3614 reseruntur
2348 3561 2381 3614 ad

392 3649 449 3700 eius
471 3649 648 3700 denominatio
672 3649 804 3698 concernit
829 3651 995 3712 suppositum
1021 3649 1027 3696 l
1122 3675 1155 3686 -
1175 3649 1361 3710 despectivam
1390 3661 1525 3714 nunqnam
1555 3649 1707 3702 terminatur
1745 3645 1824 3714 idern,
1844 3647 1891 3700 sad
1911 3661 1961 3698 non
1982 3655 2009 3702 ut
2027 3651 2087 3700 sunt
2106 3649 2382 3702 differentiaeendset

393 3735 480 3788 5794
507 3763 540 3808 ·‚·
566 3737 639 3802 Quae
666 3735 802 3786 relationes
831 3735 976 3798 significant
1004 3737 1028 3786 in
1070 3737 1118 3788 nisi
1143 3735 1176 3786 ad
1202 3733 1351 3788 absolutum
1373 3735 1395 3786 V
1415 3735 1448 3788 46
1467 3737 1486 3786 4.
1508 3735 1539 3786 ll
1560 3764 1594 3774 —
1612 3737 1707 3800 444444-
1746 3743 1932 3800 comparantur
1955 3735 1990 3788 ad
2014 3735 2133 3790 diversos
2154 3739 2160 3788 Ι
2183 3739 2234 3790 385
2253 3737 2269 3790 b
2289 3753 2328 3804 sq.
2347 3765 2382 3778 -

393 3827 557 3876 concretione
578 3837 627 3876 non
656 3825 741 3876 solnm
768 3825 909 3888 important
931 3817 1029 3876 relatio·
1067 3825 1165 3876 444444
1190 3823 1323 3876 reducitur
1338 3823 1375 3874 ad
1394 3823 1543 3876 absolutum
1565 3825 1605 3876 vel
1628 3829 1653 3874 ut
1673 3823 1707 3876 ad
1745 3825 1770 3874 ln
1790 3823 1957 3878 relationibus
1977 3831 2016 3876 cst
2034 3819 2162 3890 identitas,
2183 3829 2202 3878 44
2217 3841 2266 3878 444
2282 3831 2381 3880 tantum

392 3927 447 3978 nes,
466 3915 609 3966 sedetiam
629 3913 795 3976 suppositum
816 3911 823 3962 l
843 3909 939 3964 4794.
960 3913 975 3962 3
995 3939 1029 3948 -
1067 3913 1240 3978 principium,
1264 3913 1305 3962 vel
1330 3911 1447 3964 4444444
1467 3913 1607 3972 4444444444
1627 3913 1634 3962 4
1655 3911 1705 3962 458
1744 3915 1846 3964 444444
1868 3911 1959 3964 eodem
1980 3915 2169 3966 etsecundnm
2189 3915 2266 3980 idern,
2288 3929 2381 3968 verum
2436 3931 2439 3936 ·

392 4003 507 4054 Relativn
528 3999 636 4068 proprie
660 4001 816 4066 reseruntur,
844 4013 912 4066 quae
941 3999 1029 4050 dicunt
1068 3999 1095 4052 4*
1113 4027 1148 4038 -
1170 4001 1315 4064 Respectus
1339 3999 1473 4052 reducitur
1499 3999 1530 4050 ad
1557 3999 1704 4052 absolutum
1740 3997 1872 4052 'etiamad
1892 3999 1961 4050 idem
1982 3999 2062 4052 1377
2082 4001 2189 4054 4*.588
2210 4001 2240 4052 6*

392 4103 448 4142 rem
470 4089 629 4142 substratam
649 4103 708 4140 cnm
727 4093 847 4152 respectu
869 4089 877 4140 l
896 4089 948 4140 548
967 4089 1028 4140 dt
1067 4091 1165 4142 ratione
1184 4087 1374 4152 dependendae
1387 4085 1652 4152 roto.-nesoectus
1670 4101 1706 4140 re·
1795 4115 1831 4126 -
1851 4089 1902 4140 Dici
1924 4089 2068 4141 secundum
2094 4091 2245 4142 relationem
2270 4097 2315 4144 aut
2342 4099 2380 4144 est

343 4211 345 4218 ,
444 4205 478 4218 -·
498 4191 546 4232 non
569 4179 723 4242 reseruntur,
750 4177 794 4230 sed
821 4177 870 4230 alia
896 4179 1026 4242 referunt,
1068 4179 1147 4232 ilexus
1166 4191 1246 4242 supra
1266 4175 1413 4230 absolutum
1435 4177 1469 4228 ibi
1490 4179 1622 4244 quietatur
1636 4181 1664 4228 nt
1680 4179 1704 4230 in
1742 4177 1888 4230 secundum
1914 4191 1984 4240 rem,
2009 4183 2055 4230 eut
2075 4179 2222 4232 secundum
2242 4179 2377 4232 modnml

392 4267 452 4340 quia
472 4279 523 4318 nou
544 4269 603 4318 suut
623 4267 700 4328 entia,
712 4263 760 4316 sed
772 4265 870 4316 entium
885 4265 892 4316 t
906 4263 957 4316 548
971 4263 1027 4314 dl
1065 4265 1249 4332 fundamento,
1271 4269 1313 4318 cui
1333 4265 1377 4316 dat
1394 4265 1617 4330 complementum
1631 4269 1638 4318 l
1652 4265 1703 4318 579
1743 4265 1794 4318 545
1813 4265 1838 4318 4.
1860 4265 1911 4320 547
1931 4265 1956 4318 44.
1978 4269 1987 4318 4
2011 4293 2047 4304 -
2065 4269 2170 4334 Aliquid
2183 4267 2277 4320 dicitnr
2290 4281 2377 4320 secun·

391 4383 426 4392 -
446 4369 495 4406 non
516 4355 609 4406 dicitur
628 4353 660 4406 ad
680 4353 798 4418 alterum,
818 4353 864 4404 scd
884 4359 922 4404 est
940 4353 1026 4416 ipsum
1067 4353 1094 4406 4*
1113 4381 1147 4392 -
1166 4353 1240 4420 Quae
1268 4355 1410 4418 important
1439 4353 1605 4422 relationem,
1635 4369 1703 4422 quae
1742 4353 1806 4406 dum
1824 4355 1976 4408 relationem
1996 4369 2015 4410 4
2030 4365 2103 4422 parte
2122 4359 2202 4422 tnodi,
2222 4359 2377 4422 velaparte

392 4459 445 4512 qno
463 4445 573 4496 alterum
591 4443 727 4494 reterturl
750 4443 800 4494 399
821 4437 849 4494 5*
869 4469 901 4478 -
920 4441 1027 4494 Relatio·
1066 4445 1239 4496 communiter
1265 4443 1372 4508 respicit
1398 4443 1569 4496 substantiam
1598 4449 1624 4494 et
1648 4445 1704 4496 eius
1742 4443 1778 4494 rei
1799 4445 1806 4494 l
1826 4443 1877 4498 645
1896 4443 1922 4494 d.
1943 4443 1957 4494 4
1977 4473 2011 4482 -
2030 4445 2133 4512 Aliquid
2161 4447 2253 4500 dicitur
2271 4447 2377 4500 relative

392 4535 432 4586 nis
452 4545 503 4584 non
522 4543 562 4584 est
579 4533 675 4584 relatio
695 4533 702 4582 l
722 4529 773 4584 453
793 4529 829 4582 6*.
850 4529 901 4582 579
922 4533 938 4582 t.
958 4531 973 4582 3
994 4559 1027 4566 -
1066 4533 1246 4598 proprietates,
1265 4545 1344 4597 supra
1365 4545 1392 4584 se
1406 4533 1573 4584 reflectuntur
1586 4531 1596 4582 l
1610 4531 1661 4584 580
1678 4529 1704 4582 4*
1742 4533 1888 4584 secundum
1909 4545 1980 4598 csse,
2002 4535 2044 4584 vel
2063 4533 2208 4586 secundum
2231 4535 2279 4586 dici
2299 4537 2307 4586 l
2326 4537 2377 4588 ,133

390 4623 529 4674 delationis
549 4635 600 4672 uon
621 4625 658 4672 est
677 4619 775 4684 relatio,
795 4617 1027 4684 secundumquod
1117 4647 1152 4660 -
1172 4621 1287 4672 Relativa
1308 4619 1429 4672 dicuntur
1447 4619 1482 4670 ad
1499 4621 1702 4672 convertentiam
1743 4617 1779 4672 4*.
1800 4621 1852 4672 545
1871 4635 1928 4686 arg.
1946 4621 1972 4674 3.
1992 4621 2037 4672 594
2062 4619 2091 4672 6*
2112 4651 2143 4658 -
2165 4623 2189 4674 44
2209 4625 2322 4676 relativis
2341 4637 2378 4676 se·

391 4709 540 4765 huiusmodi
561 4709 591 4762 lV
613 4709 658 4760 544
686 4707 712 4758 l*
731 4737 766 4746 -
785 4707 1028 4762 Relationis‘utter·
1065 4707 1143 4760 ttae
1173 4707 1199 4760 44.
1217 4709 1245 4760 8.
1262 4709 1314 4760 537
1343 4707 1371 4760 4.
1388 4707 1441 4760 544
1469 4723 1524 4772 arg.
1547 4711 1570 4760 4.
1599 4709 1632 4760 lV
1650 4709 1702 4760 747
1743 4711 1860 4780 cundum
1880 4709 1932 4762 dici
1950 4715 1990 4762 est
2007 4711 2104 4764 modus
2123 4719 2270 4776 respectus,
2297 4715 2320 4764 44
2342 4727 2378 4764 re·

390 4801 453 4852 ruini
472 4813 524 4850 non
542 4803 582 4850 est
600 4797 690 4850 relatio
708 4799 716 4850 l
737 4795 789 4848 344
809 4795 836 4848 5*
1066 4797 1089 4850 4.
1112 4799 1182 4850 3-
1199 4797 1316 4850 Relativa
1345 4797 1465 4848 dicuntur
1491 4797 1524 4848 ad
1550 4803 1704 4850 converten-
1742 4801 1827 4852 tativis
1849 4797 1995 4852 secundnm
2014 4813 2072 4852 4444
2087 4807 2124 4852 est
2137 4803 2233 4854 veritas
2245 4809 2378 4866 respectus

323 4955 324 4960 ἵ
445 4917 476 4926 -
498 4881 710 4950 llespectusnon
729 4887 928 4950 potestreilecti
947 4901 1025 4952 supra
1066 4889 1135 4950 tiam,
1154 4887 1176 4938 si
1196 4899 1291 4938 nomen
1312 4887 1462 4950 impositum
1483 4889 1521 4938 est
1541 4887 1643 4954 utrique
1664 4903 1702 4938 er·
1741 4887 1820 4940 4545
1839 4887 2106 4956 4443-4144444
2125 4893 2236 4942 retertur
2254 4891 2288 4944 ad
2307 4891 2376 4944 allud

390 4991 417 5030 se
434 4977 505 5030 4579
520 4977 534 5028 4.
550 4977 574 5042 3,
589 4973 618 5027 4*
635 5003 669 5014 -
689 4975 762 5040 utun,
775 4975 846 5042 quod
866 4989 893 5028 se
913 4977 970 5040 ipso
990 4991 1026 5028 re·
1065 4983 1148 5028 444444
1168 4977 1176 5026 l
1196 4973 1247 5026 403
1267 4975 1292 5028 44.
1313 4977 1327 5026 8
1704 4995 1706 4998 ·
1741 4977 1886 5030 secundum
1906 4977 2033 5028 rationem
2052 4977 2184 5046 existendi,
2206 4979 2312 5046 quando
2331 4983 2376 5032 im·

389 5067 477 5130 tertur,
497 5069 534 5118 est
554 5067 609 5130 ipse
629 5069 762 5130 respectus
781 5064 789 5115 l
810 5063 855 5116 574
881 5077 938 5128 arg.
956 5065 971 5116 3
992 5093 1027 5104 -
1117 5065 1287 5116 -llelativa
1316 5071 1376 5118 sunt
1403 5065 1700 5118 444414444444489
1741 5071 1860 5130 portatur
1877 5063 2003 5118 habitudo
2023 5067 2111 5132 realis,
2132 5067 2277 5120 secundum
2302 5071 2376 5122 ratio·

390 5147 461 5208 Nulla
488 5157 606 5208 creatura
632 5159 670 5208 cst
689 5169 735 5206 sua
755 5147 843 5206 relatio
863 5153 942 5206 4548
961 5153 990 5208 44.
1011 5151 1026 5206 4
1065 5153 1090 5206 4.
1113 5155 1137 5206 3.
1157 5151 1207 5204 374
1229 5169 1285 5218 arg.
1307 5155 1329 5206 3.
1352 5153 1401 5206 440
1423 5167 1479 5218 arg.
1499 5153 1524 5204 3.
1545 5157 1562 5206 44
1574 5155 1614 5206 ’09
1634 5155 1659 5206 d.
1675 5157 1699 5208 4.
1740 5169 1800 5208 nem
1818 5155 1987 5220 intelligendi,
2000 5155 2106 5220 quando
2119 5157 2375 5220 privaturlrabitudo

390 5243 509 5296 -nrnn
528 5243 639 5296 retertur
657 5257 687 5294 se
704 5243 762 5306 ipso
780 5243 828 5308 ita,
848 5243 920 5310 quod
939 5245 1025 5308 ipsum
1064 5241 1141 5294 Vi3
1162 5241 1179 5294 t.
1199 5241 1242 5292 45.
1260 5241 1294 5292 94
1313 5241 1330 5294 4.
1352 5241 1629 5296 taen-aenove
1643 5251 1702 5296 sunt
1741 5243 1916 5296 4441444505
1933 5241 2193 5298 4.3-44444444444
2207 5253 2302 5314 noster,
2315 5259 2375 5298 cum

390 5333 462 5400 quod
482 5333 591 5384 retertur
611 5345 660 5384 non
682 5333 713 5384 sit
731 5331 780 5382 nisi
793 5331 882 5384 relatio
900 5337 928 5382 et
942 5345 1027 5394 rospe·
1064 5331 1141 5384 simut
1160 5337 1252 5382 natura
1271 5333 1297 5382 in
1317 5331 1499 5398 intelligendo,
1526 5347 1576 5384 nou
1603 5339 1701 5394 tantum
1741 5333 1857 5398 intelligit
1874 5331 1974 5400 aliquid
1992 5333 2082 5384 reterri
2102 5333 2133 5386 ad
2153 5335 2265 5400 aliquid,
2290 5337 2376 5388 intelli·

390 5431 447 5476 ctus
475 5437 559 5488 purus
587 5421 594 5472 Ι
625 5421 675 5472 453
700 5419 738 5472 5*.
757 5421 808 5472 548
827 5421 855 5472 d.
875 5421 890 5472 4
914 5419 975 5474 Vide
999 5421 1026 5472 V.
1064 5423 1088 5472 in
1109 5419 1220 5472 essendo
1241 5421 1357 5472 44694
1740 5421 1875 5488 44444444)
1893 5405 2120 5486 4444444444444444
2140 5423 2173 5476 ad
2192 5423 2254 5476 illud
2275 5423 2374 5476 45464

389 5509 553 5580 Proprietas.
572 5539 606 5550 -
626 5509 730 5576 Aliquid
759 5511 870 5562 retertur
895 5525 924 5562 se
952 5511 1024 5576 ipse,
1117 5535 1152 5548 -
1172 5509 1256 5560 Vnum
1277 5511 1446 5562 relativorum
1466 5511 1617 5576 intelligitur
1629 5511 1656 5562 in
1670 5511 1702 5562 al·
1739 5537 1773 5548 -·-
1794 5509 1905 5562 Privatio
1925 5507 2083 5562 habitudinis
2102 5511 2250 5574 intelligitur
2264 5527 2310 5576 per
2324 5525 2375 5564 mo·

391 5601 451 5666 quia
470 5601 536 5652 inter
555 5601 591 5652 rei
611 5607 758 5664 respectum
776 5605 803 5652 et
821 5601 958 5652 essentiam
974 5613 1024 5652 non
1064 5603 1119 5650 tero
1137 5605 1164 5648 et
1181 5601 1351 5664 consequitur
1368 5597 1401 5650 ad
1421 5601 1530 5652 alterum
1550 5601 1623 5652 4385
1637 5599 1655 5652 4
1667 5619 1707 5638 -α-
1740 5597 1803 5650 dum
1823 5597 1953 5650 relationis
1973 5599 2048 5648 realis
2066 5599 2075 5648 l
2096 5597 2147 5652 505
2167 5599 2191 5652 4.
2206 5601 2222 5652 3
2240 5625 2275 5638 -
2294 5601 2376 5666 Quac-

389 5689 459 5742 cadit
479 5687 603 5754 medium,
624 5691 684 5754 quia
703 5689 757 5752 ipsa
777 5691 888 5742 essentia
907 5691 1026 5742 essentia·
1064 5687 1113 5740 Ubi
1140 5699 1224 5738 44444
1253 5687 1450 5754 correlativum,
1481 5695 1504 5742 ct
1529 5691 1700 5756 reliquumV
1740 5685 1801 5736 dam
1820 5685 1941 5740 dicuntur
1962 5685 2080 5754 relative,
2102 5689 2163 5752 quia
2182 5689 2287 5752 privant
2311 5691 2375 5742 rela-

389 5779 446 5832 liter
464 5777 609 5844 dependet,
629 5789 681 5828 non
699 5781 786 5830 tamen
806 5787 843 5830 est
863 5781 919 5842 ipse
938 5781 1026 5842 respe—
1065 5777 1115 5828 480
1134 5775 1227 5840 4448
1549 5805 1550 5808 =
1739 5775 1835 5828 tionem
1856 5779 1862 5828 4
1883 5775 1933 5826 399
1954 5775 1983 5826 5*

389 5871 453 5930 ciue,
474 5873 500 5918 et
517 5867 555 5918 sie
573 5867 702 5930 reperitur
721 5869 746 5918 in
765 5865 983 5920 4444444444453
997 5863 1026 5916 6*
1115 5871 1290 5928 -respectu
1310 5865 1406 5919 obiecti
1433 5867 1457 5918 in
1487 5871 1613 5920 creaturis
1640 5867 1702 5920 dicit
1793 5893 1826 5904 -
1846 5865 1930 5918 omnis
1949 5867 2023 5930 pouit
2042 5871 2187 5932 respectum
2215 5881 2307 5920 verum
2333 5867 2374 5920 vel

387 5983 424 5994 -
442 5955 548 6022 Aliquid
565 5955 676 6006 retertur
693 5967 722 6006 se
741 5957 808 6020 ipso,
826 5959 888 6022 quia
907 5957 973 6008 inter
986 5969 1026 6006 ex·
1063 5955 1242 6008 trahitodinem
1262 5963 1288 6008 44
1307 5955 1509 6018 dependendam
1530 5959 1538 6006 l
1558 5955 1609 6008 456
1628 5971 1652 6022 4,
1665 5955 1701 6008 A*
1739 5955 1764 6006 in
1785 5959 1896 6022 utroque
1915 5961 2106 6024 extremorum,
2126 5957 2168 6008 vel
2187 5957 2279 6008 saltem
2297 5957 2322 6006 44
2342 5957 2374 6008 al·

388 6049 469 6096 trema
490 6057 541 6096 non
567 6045 635 6096 cadit
659 6043 765 6108 aliquod
794 6045 926 6110 medinm,
953 6043 1025 6110 quod
1062 6069 1098 6082 --
1117 6043 1259 6108 despectos
1279 6043 1305 6096 in
1324 6045 1449 6096 creaturis
1469 6045 1702 6110 ponitdependcn-
1739 6049 1794 6096 tero
1812 6045 1820 6094 l
1841 6045 1891 6096 704
1911 6045 1996 6108 arg.t
2021 6045 2211 6110 -Quaedam
2234 6045 2373 6098 suntreta·

388 6145 439 6184 uon
458 6135 492 6186 sit
515 6133 625 6185 atterum
650 6145 742 6186 eorum
760 6129 822 6186 44444.
841 6159 876 6172 -··
894 6133 1026 6186 Habitudo
1063 6133 1610 6198 tiametprivatsummamsimplicitatem
1627 6135 1700 6186 4573
1739 6135 1792 6186 tiva
1811 6131 1956 6186 secundnm
1977 6147 2034 6184 esse
2052 6147 2083 6186 ex
2102 6135 2375 6198 partentrinsqneex-

388 6221 531 6274 essentialis
550 6233 601 6272 444
615 6221 675 6274 tacit
687 6219 864 6282 diversitatem
878 6235 926 6286 per
938 6235 1026 6272 essen·
1064 6217 1185 6272 eavit
1205 6219 1702 6276 Atratot-ttnumretauvumoe-
1738 6225 1822 6288 tremi,
1843 6221 1972 6288 quaedam
1991 6235 2022 6276 ex
2040 6229 2113 6286 parte
2132 6223 2236 6274 alterius
2256 6225 2263 6274 l
2282 6221 2333 6274 546
2347 6219 2376 6272 3*

387 6309 449 6362 tiam
468 6311 487 6360 ll
506 6309 540 6360 35
560 6323 573 6360 4
593 6339 627 6348 -—
646 6321 715 6376 quae
734 6309 857 6364 tundatur
875 6323 955 6376 super
968 6323 1026 6374 pro·
1063 6309 1160 6372 pendet
1184 6309 1218 6360 44
1243 6309 1294 6362 elio
1313 6311 1432 6362 mutuol
1454 6309 1503 6360 440
1523 6293 1579 6376 arg.
1600 6313 1614 6364 3
1638 6311 1702 6366 rice
1737 6309 1888 6380 -Aliquid
1901 6309 2046 6362 secundnm
2060 6325 2117 6364 esse
2131 6313 2239 6364 retertur
2252 6309 2374 6374 adalind,

386 6399 523 6462 prietatem
542 6399 736 6464 accidentalem,
755 6399 827 6452 addit
841 6399 912 6452 aliud
926 6413 973 6464 per
985 6413 1026 6450 es·
1067 6397 1096 6450 V.
1115 6397 1294 6468 dependentia
1312 6399 1338 6448 in
1358 6397 1442 6450 lndice
1456 6411 1547 6464 gener.
1558 6429 1595 6438 -
1607 6401 1702 6466 Respe-
1738 6399 1785 6452 sed
1804 6413 1855 6452 non
1874 6399 2061 6452 convertiturl
2083 6399 2133 6452 545
2153 6399 2168 6452 t.
2189 6401 2205 6450 4
2222 6399 2295 6450 —ln
2309 6399 2376 6450 rela-

386 6487 511 6552 sendam;
538 6501 605 6552 quae
629 6487 752 6540 tundatur
770 6501 852 6552 super
874 6489 1025 6552 dependen-
1062 6493 1119 6540 ctus
1136 6489 1170 6540 ad
1189 6489 1364 6540 extrinsecum
1382 6489 1471 6552 aliquo
1496 6491 1577 6542 modo
1602 6491 1702 6556 impor—
1738 6489 1798 6542 dvis
1817 6487 1963 6542 secuudum
1982 6481 2034 6542 dici
2059 6497 2141 6540 unum
2167 6501 2220 6540 non
2245 6487 2375 6552 dependet

386 6575 447 6624 tiam
479 6575 656 6640 essentialem,
687 6575 749 6628 dicit
781 6577 878 6642 aliquid
909 6575 1024 6642 quodam
1062 6581 1098 6628 tat
1121 6575 1323 6642 dependendam
1350 6577 1372 6628 V
1398 6577 1429 6628 46
1451 6575 1497 6630 41*
1516 6605 1550 6618 -
1568 6579 1701 6644 434444444-
1738 6577 1773 6630 44
1791 6577 1870 6630 altero
1891 6579 1899 6630 l
1919 6575 1965 6630 444
1989 6573 2019 6630 4*
2095 6645 2096 6650 ¹
2227 6625 2228 6630 ,

386 6661 685 6728 modoidem,quodam
706 6663 786 6716 modo
805 6665 1026 6732 aliud;quaesu-
1061 6679 1140 6730 vum,
1162 6665 1233 6730 quod
1252 6657 1316 6718 dicit
1340 6669 1488 6728 respectum
1514 6667 1548 6720 ad
1571 6669 1702 6720 aliuddi·
1793 6695 1827 6704 -
1846 6665 2153 6732 ludnitasrespectnum,
2173 6677 2241 6730 quac
2261 6677 2374 6732 nonpo-

356 6771 358 6776 ·
387 6765 435 6816 per
456 6751 584 6816 originem
614 6753 773 6818 naturalem,
794 6765 860 6816 pure
889 6753 950 6804 dicit
969 6765 1026 6804 esse
1062 6767 1170 6806 versum
1184 6753 1330 6806 secundum
1345 6757 1491 6820 essentiam,
1503 6755 1611 6810 includit
1622 6771 1703 6822 quan·
1739 6757 1777 6810 nit
1794 6757 2016 6822 comparationem
2036 6755 2142 6816 realem,
2160 6765 2212 6804 non
2231 6755 2303 6816 ponit
2322 6753 2375 6806 inti-

387 6841 406 6894 ll
426 6837 458 6892 34
479 6838 496 6893 4
514 6853 555 6906 sq.
1064 6843 1124 6894 dam
1146 6843 1347 6908 dependendam
1367 6843 1390 6894 V
1409 6843 1443 6894 77
1464 6843 1499 6896 4*.
1521 6845 1564 6896 444
1591 6843 1618 6898 4*
1740 6847 1846 6900 nitatem
1865 6845 1992 6898 actualem
2012 6845 2039 6896 444
2060 6843 2146 6894 3464
