5792 8392
593 631 655 698 960
841 561 849 584 x
1431 623 1547 692 99909999
1569 623 1761 692 SECUNDUS

895 717 948 770 999
2243 711 2295 764 999

590 807 737 872 imperfecti
755 817 834 872 quarn
856 805 962 870 perfecti
977 805 1049 858 1699
1069 807 1084 856 f.
1106 807 1170 856 9-
1183 803 1233 854 lm·
1268 815 1328 854 nem
1349 801 1474 854 naturalis
1492 801 1637 864 potentiae,
1653 801 1693 852 vel
1716 813 1762 866 per
1782 799 1908 852 limitatio
1949 797 2058 866 malitia,
2078 805 2116 852 999
2136 809 2272 866 peccatum
2290 801 2378 850 contra
2395 797 2521 860 Spiritum
2532 809 2589 848 san·

590 897 705 962 perlecta
724 899 784 948 sunt
809 893 842 944 de
866 893 1047 946 constitutione
1071 891 1179 956 perfecti
1196 887 1232 944 ib.
1269 901 1329 942 nem
1348 893 1451 940 nostrae
1476 887 1671 954 intelligentiae,
1696 887 1738 938 vel
1758 901 1804 950 per
1823 887 1909 950 priva·
1948 891 2019 938 rium
2038 887 2055 938 ll
2076 887 2127 940 995
2150 887 2175 940 9*
2193 915 2230 928 --
2247 899 2308 938 eum
2336 883 2363 936 llt
2389 899 2418 938 ex
2438 885 2588 938 infirmitate

590 983 609 1036 i.
634 983 649 1034 3
675 1011 709 1020 -
736 983 875 1034 processus
899 985 939 1034 est
963 981 997 1034 ab
1021 981 1175 1046 imperfecto
1197 979 1233 1032 ad
1268 967 1366 1029 tionem
1385 977 1473 1028 omnis
1489 977 1655 1040 existentiae,
1673 979 1716 1028 vet
1735 989 1783 1042 per
1800 975 1909 1027 illustra·
1946 981 1974 1026 et
1991 987 2042 1026 nou
2069 977 2247 1040 pertinaciter,
2276 987 2327 1026 non
2348 979 2387 1026 est
2405 981 2542 1038 peccatum
2561 975 2586 1024 in

504 1075 516 1082 ”
590 1071 737 1136 perlectum
749 1069 768 1122 ll
782 1051 873 1122 esn'd.
887 1071 912 1122 9.
926 1071 978 1124 385
992 1085 1014 1124 9.
1031 1071 1059 1123 lll
1073 1069 1191 1132 fiftlarg.
1206 1069 1232 1120 3.
1269 1067 1365 1118 tionem
1385 1065 1507 1118 Veritatis
1526 1067 1647 1118 aeternae
1665 1063 1744 1118 9759
1763 1079 1778 1116 a
1797 1077 1838 1130 sq.
1947 1061 2073 1126 Spiritum
2093 1073 2213 1116 sancmm
2231 1061 2294 1118 ibid.

590 1157 625 1212 999
645 1157 695 1210 908
716 1159 735 1212 9.
755 1157 823 1208 3-
842 1157 914 1210 Prius
928 1157 1082 1224 producitur
1102 1155 1173 1222 quod
1185 1157 1233 1206 im·
1322 1151 1449 1220 -quod
1469 1151 1565 1204 claudit
1584 1153 1648 1204 intra
1673 1167 1702 1204 se
1730 1151 1909 1206 contradictio·
1997 1149 2078 1202 ln-
2096 1151 2158 1202 dicit
2181 1151 2362 1206 habitudinem
2387 1151 2588 1202 convenientiae

590 1247 736 1310 perrectum
755 1249 809 1312 est,
836 1245 933 1298 deinde
955 1244 1026 1312 quod
1048 1247 1192 1310 perlectum
1213 1243 1232 1294 ll
1269 1253 1344 1306 nem,
1363 1239 1910 1306 nontantamestimpossibllecreaturae,
1945 1235 2028 1290 9350
2045 1235 2076 1288 6*
2093 1263 2128 1276 ·-
2148 1239 2233 1292 lnesse
2252 1245 2323 1292 notat
2346 1241 2520 1304 identitatem,
2544 1241 2588 1292 vel

591 1331 642 1386 385
668 1349 682 1386 9
702 1363 737 1372 -
755 1333 781 1384 ln
800 1337 838 1388 eis
861 1349 929 1402 quae
951 1331 1133 1398 producuntur
1159 1331 1233 1394 prius
1268 1329 1314 1382 sed
1334 1331 1414 1380 etiam
1437 1331 1554 1382 creatrici
1580 1331 1707 1382 essentiae
1725 1331 1743 1382 ll
1763 1327 1813 1378 699
1838 1327 1910 1380 b-
1946 1325 2133 1378 inhaerentiam
2148 1327 2220 1378 9630
2234 1329 2260 1380 0.
2277 1331 2286 1380 9
2304 1357 2339 1368 «-
2351 1331 2436 1382 inesse
2457 1343 2505 1394 per
2518 1329 2589 1382 iden·

590 1427 630 1478 est
656 1423 744 1476 minus
767 1423 912 1488 perlectum
935 1433 1014 1490 quam
1041 1421 1125 1484 magis
1150 1417 1233 1484 perie-
1269 1417 1347 1484 Quod
1365 1423 1404 1468 est
1422 1417 1584 1482 impossibiie
1605 1421 1687 1482 potest
1706 1431 1764 1472 esse
1785 1417 1838 1468 Deo
1850 1431 1910 1482 pus
1946 1415 2043 1468 ritatem
2055 1421 2082 1466 et
2094 1427 2141 1478 per
2159 1415 2345 1468 inhaerentiam
2364 1419 2391 1470 in
2405 1421 2531 1472 creaturis
2549 1423 2589 1470 est

591 1517 663 1564 ctum
683 1511 828 1566 secundum
848 1511 967 1564 ordinem
982 1509 1165 1574 generationis,
1181 1519 1233 1558 non
1269 1505 1359 1572 sibile,
1378 1511 1479 1558 mutato
1497 1505 1576 1558 morlo
1596 1505 1698 1558 essendi
1720 1505 1751 1560 tv
1772 1505 1822 1558 935
1843 1505 1910 1556 b-
1946 1503 2131 1568 inseparabile,
2156 1505 2203 1556 sed
2227 1503 2378 1558 distinctum
2405 1507 2429 1556 ia
2457 1507 2552 1558 divinis
2579 1507 2587 1556 l

592 1599 724 1666 dignitatis
742 1597 776 1654 ib.
795 1595 825 1652 7*
842 1625 878 1640 —
896 1595 974 1664 Quod
993 1595 1034 1660 lit,
1060 1595 1180 1660 dumfit,
1205 1599 1234 1646 ut
1270 1595 1297 1646 ln
1315 1593 1370 1646 lieo
1388 1607 1467 1647 omne
1486 1595 1672 1648 inconveniens
1689 1601 1730 1648 est
1747 1595 1910 1660 impossibiie
1946 1593 1993 1646 589
2026 1595 2050 1646 d.
2080 1595 2151 1646 9-·-
2168 1595 2253 1646 lnesse
2278 1593 2318 1644 vel
2344 1599 2384 1646 est
2409 1597 2516 1658 proprie
2540 1607 2589 1658 per

591 1691 736 1754 plurimum
761 1701 813 1740 non
832 1685 912 1738 babet
931 1684 1145 1750 esseperfectum
1160 1681 1233 1736 9990
1269 1683 1279 1734 l
1298 1683 1330 1736 59
1353 1681 1389 1734 9*.
1413 1683 1463 1734 938
1483 1685 1500 1736 9.
1522 1685 1545 1736 9.
1564 1683 1615 1736 990
1633 1697 1650 1736 9
1946 1681 2055 1734 modum
2075 1683 2246 1746 inhaerentis,
2265 1681 2305 1732 vel
2327 1683 2499 1734 communiter
2513 1681 2588 1736 9575

590 1775 618 1830 0.
636 1775 653 1828 5
675 1803 710 1816 -
736 1775 812 1842 Quod
836 1777 959 1826 movetur
983 1771 1016 1826 ab
1037 1771 1233 1838 imperfectione
1322 1799 1359 1810 -
1376 1769 1541 1836 impossibile
1559 1787 1611 1826 090
1623 1787 1681 1828 9999
1694 1779 1721 1828 99
1733 1787 1839 1826 necesse
1852 1787 1909 1824 esse
1946 1767 1978 1834 b,
1997 1769 2027 1820 3*
2045 1797 2083 1810 -
2106 1771 2211 1824 ridetur
2234 1771 2377 1836 importare
2402 1771 2586 1824 continentiam

591 1865 625 1916 ad
644 1865 829 1930 perlectionem
854 1875 905 1914 non
934 1869 972 1914 est
1000 1859 1069 1914 aliud
1096 1865 1122 1912 et
1147 1859 1233 1928 aliud,
1269 1865 1457 1912 convertuntur
1475 1863 1483 1914 l
1502 1861 1554 1916 995
1573 1862 1590 1916 9.
1610 1863 1674 1916 3-
1693 1861 1909 1926 Posslbillposito
1946 1857 2104 1912 ambientem
2123 1861 2132 1912 l
2153 1859 2204 1912 653
2225 1859 2253 1912 9*
2271 1887 2306 1900 -
2325 1859 2454 1924 significat
2473 1873 2521 1924 per
2533 1873 2588 1914 mo·

590 1951 637 2006 sed
657 1953 723 2006 allus
737 1955 817 2004 status
835 1951 854 2002 ll
875 1949 925 2002 973
944 1949 974 2004 9*
1270 1949 1371 2002 nullum
1388 1949 1483 2002 accidit
1500 1951 1664 2018 impossibile
1682 1953 1711 2004 lll
1730 1949 1782 2002 966
1802 1949 1818 2000 9.
1841 1949 1855 2000 9
1872 1975 1909 1988 -
1946 1943 2010 1996 dum
2031 1949 2123 2012 qnietis
2137 1949 2206 2000 9639
2231 1949 2255 2000 d.
2270 1949 2293 2000 9.
2309 1949 2361 2000 639
2381 1949 2408 2000 0.
2423 1947 2439 2000 9
2453 1975 2488 1988 -
2500 1949 2587 2000 lnesse

644 2065 680 2078 -
697 2039 789 2092 dicunt
807 2039 923 2106 aliquam
941 2039 1073 2090 entitatem
1093 2043 1119 2090 et
1136 2039 1234 2090 verita·
1270 2037 1355 2090 Posito
1372 2039 1541 2106 impossibili,
1560 2055 1612 2094 non
1629 2045 1670 2092 est
1687 2041 1798 2102 mirum,
1823 2039 1845 2088 si
1869 2049 1910 2088 ac·
1946 2033 2068 2096 importat
2093 2035 2134 2086 vel
2159 2037 2337 2090 causalitatem
2358 2039 2400 2090 vel
2425 2037 2586 2090 identitatem

590 2133 658 2194 iem,
679 2143 730 2196 qua
755 2125 852 2180 babent
875 2129 991 2194 aliquam
1019 2127 1232 2180 assimilationem
1268 2125 1337 2180 cidat
1365 2129 1527 2192 impossibile
1554 2129 1632 2180 9860
1662 2127 1688 2180 0.
1709 2129 1734 2180 9.
1754 2125 1790 2178 tv
1808 2123 1859 2176 598
1879 2123 1910 2174 5*
1945 2119 1966 2170 99
1986 2119 2037 2172 339
2057 2121 2118 2174 dt

590 2217 624 2270 ad
643 2219 757 2282 primam
776 2217 912 2268 veritatem
932 2213 1078 2270 secundnm
1105 2215 1231 2268 rationem
1268 2215 1413 2270 -Nullus
1436 2215 1561 2270 deliberat
1586 2217 1620 2270 09
1645 2213 1800 2280 impossibili
1817 2213 1837 2264 ll
1856 2212 1908 2264 099
1997 2235 2035 2248 -
2057 2209 2145 2260 inesse
2168 2211 2194 2260 in
2215 2210 2309 2263 divinis
2329 2211 2391 2264 dicit
2414 2213 2585 2268 substantiam

590 2305 794 2370 exemplaritatis
818 2305 825 2356 l
851 2305 901 2356 699
926 2303 997 2356 b-
1015 2303 1180 2368 imperiectio
1203 2309 1233 2356 ut
1269 2317 1326 2368 arg.
1349 2307 1372 2370 9,
1392 2305 1411 2358 b
1946 2307 2005 2348 cum
2020 2297 2143 2350 reintinne
2161 2297 2169 2348 l
2189 2297 2239 2350 399
2261 2295 2289 2348 l*
2306 2325 2344 2338 -
2364 2301 2390 2350 in
2411 2299 2505 2354 divinis
2525 2301 2586 2354 dicit

590 2395 704 2460 privatio
724 2407 774 2446 non
795 2391 874 2446 babet
890 2393 978 2444 ideam
997 2393 1022 2444 in
1043 2393 1097 2444 Deo
1115 2387 1177 2444 ibid.
1197 2419 1233 2428 —
1320 2393 1456 2446 -Nemo
1481 2391 1612 2458 obligatur
1640 2391 1674 2444 ad
1701 2389 1863 2456 impossibile
1889 2389 1908 2443 ll
1945 2383 2056 2438 eandem
2076 2383 2254 2438 habitudinem
2270 2387 2407 2442 identitatis
2423 2403 2457 2442 ex
2474 2393 2586 2458 utraque

590 2483 692 2536 ratione
710 2483 767 2534 eius
785 2481 858 2548 quod
882 2479 972 2534 subest
991 2465 1069 2532 babet
1094 2479 1181 2532 ideam
1205 2481 1233 2530 in
1269 2483 1321 2534 995
1341 2497 1365 2534 9.
1382 2483 1414 2534 999
1441 2481 1494 2532 895
1523 2483 1539 2534 i.
1559 2483 1583 2534 9.
1602 2481 1634 2534 tn
1664 2478 1836 2544 biburgi.
1857 2477 1908 2530 908
1945 2479 2019 2536 parte
2038 2471 2071 2526 t'b.
2094 2471 2129 2526 f*.
2144 2475 2195 2526 350
2216 2473 2250 2540 5*,
2267 2473 2426 2530 6*-aotat
2445 2477 2587 2532 distinctio-

590 2573 660 2638 Deo,
676 2585 726 2624 non
740 2569 933 2636 imperfectam,
945 2569 993 2622 sed
1013 2569 1155 2634 perfectam
1169 2565 1233 2622 ibid.
1270 2571 1287 2622 9.
1309 2573 1332 2622 9.
1353 2569 1402 2622 909
1423 2583 1479 2634 arg.
1498 2571 1524 2622 9.
1543 2569 1595 2622 770
1616 2571 1629 2622 i.
1652 2571 1677 2622 9.
1694 2569 1747 2622 799
1767 2581 1823 2632 arg.
1846 2565 1908 2620 9-
1946 2573 2005 2612 nem
2026 2563 2035 2614 9
2053 2561 2105 2614 399
2126 2561 2154 2612 9*
2171 2591 2208 2604 -·
2225 2565 2330 2630 Aliquid
2348 2579 2407 2618 esse
2423 2567 2450 2619 ia
2470 2567 2525 2622 lieo
2543 2569 2585 2620 vet

590 2669 705 2714 -sunt
724 2663 749 2714 90
765 2659 820 2712 Deo
839 2657 1107 2714 ibid—secundom
1119 2657 1144 2708 id
1160 2657 1232 2724 quod
1271 2661 1338 2712 Deus
1367 2661 1497 2712 neminem
1523 2659 1621 2724 obligat
1649 2657 1681 2710 ad
1700 2655 1861 2724 impossibile
1880 2657 1910 2709 999
1945 2649 2040 2702 dicitnr
2066 2651 2214 2702 secuudum
2241 2651 2432 2708 distinctionem
2465 2657 2586 2708 essentia·

591 2754 667 2818 sunt,
689 2765 702 2802 a
723 2751 775 2802 [leo
796 2755 869 2814 sunt,
890 2747 938 2800 990
957 2747 1233 2800 9999999999999999
1270 2747 1320 2802 996
1342 2747 1377 2800 9*.
1397 2749 1432 2802 lV
1452 2747 1501 2800 907
1520 2749 1538 2800 f.
1556 2747 1579 2816 9,
1600 2765 1612 2800 9
1630 2737 1755 2802 499909
1775 2761 1910 2812 nonprae·
1945 2735 2011 2804 lem,
2033 2739 2076 2792 tel
2095 2739 2238 2792 Stssttndnnt
2265 2743 2444 2794 omnimodam
2470 2743 2587 2798 identita-

491 2893 492 2898 ,
590 2825 764 2908 imperiectio,
792 2837 853 2904 qnia
877 2837 947 2888 beas
972 2837 1073 2902 perficit
1096 2831 1128 2888 99.
1150 2835 1179 2888 9*
1197 2863 1233 2874 -·-
1268 2837 1565 2904 cepittmpossionettt
1586 2835 1638 2890 tat
1658 2851 1714 2902 arg.
1736 2841 1759 2890 a.
1785 2837 1904 2890 89599
1946 2833 1998 2880 tem
2023 2841 2083 2880 cum
2107 2827 2273 2882 distinetione
2297 2831 2475 2898 reflecteret
2495 2845 2585 2884 secun·

590 2945 659 3000 quae
678 2943 729 2982 non
754 2927 929 2978 assimilantur
954 2927 1007 2978 Deo
1033 2927 1058 2976 in
1082 2925 1233 2978 conditioni·
1267 2955 1304 2966 -
1331 2927 1407 2994 Quod
1430 2933 1469 2978 est
1496 2927 1596 2978 bomini
1622 2927 1785 2990 impossibile
1808 2939 1857 2990 per
1880 2939 1910 2980 se
1946 2915 2009 2967 dnm
2030 2917 2220 2972 distinctionem
2238 2917 2404 2984 personalem
2423 2921 2431 2972 l
2453 2921 2502 2972 359
2524 2921 2583 2972 06

590 3017 641 3074 bus
659 3015 830 3084 specialibus,
850 3015 1026 3068 assimilantur
1046 3021 1131 3066 tamen
1151 3015 1233 3078 inge·
1269 3015 1392 3080 possibile
1411 3021 1449 3068 esf
1478 3029 1525 3080 per
1549 3015 1668 3068 divinum
1695 3015 1854 3068 adiutorium
1879 3017 1909 3066 999
1949 3001 2011 3056 Vide
2036 3005 2063 3056 V.
2084 3005 2313 3062 Circumirrccssio.

589 3105 723 3160 neralibus
742 3103 802 3156 boni
821 3107 847 3152 et
866 3101 948 3164 pulcri
969 3107 995 3152 et
1013 3103 1078 3153 eritis
1097 3101 1130 3156 ib.
1150 3101 1180 3154 3*
1271 3101 1320 3154 996
1341 3099 1370 3152 9*
1387 3127 1425 3142 -
1442 3099 1637 3164 impossibilitas
1657 3107 1773 3164 nonest,
1793 3099 1839 3152 ubi
1853 3113 1910 3152 suc·
1997 3119 2034 3132 -
2051 3095 2137 3146 inesse
2156 3095 2219 3146 dicit
2236 3103 2323 3148 actum
2343 3097 2367 3148 in
2388 3101 2584 3164 comparatione

644 3221 679 3230 -
704 3191 848 3256 imperfecti
874 3203 924 3242 non
950 3195 1070 3244 tenentur
1094 3191 1127 3244 ad
1151 3205 1230 3256 opera
1268 3191 1350 3242 currit
1367 3187 1473 3240 aliunde
1492 3193 1620 3252 potestas,
1640 3193 1667 3240 et
1683 3201 1735 3240 non
1753 3187 1842 3238 deficit
1860 3189 1909 3240 nisi
1947 3179 1982 3232 nd
2000 3195 2055 3232 rem
2069 3183 2330 3248 alferiusgenerislV
2344 3185 2390 3236 27⁴
2410 3183 2438 3236 3*
2451 3213 2486 3224 ·-
2499 3187 2584 3240 lnnSSn

589 3281 756 3348 perfectionis
773 3279 803 3328 lll
821 3277 873 3330 659
892 3277 940 3328 99
968 3275 1032 3330 Vide
1050 3277 1076 3330 V.
1098 3275 1233 3344 Opus-
1269 3283 1376 3342 propter
1394 3281 1508 3328 nostram
1529 3277 1713 3340 negligentiam
1733 3277 1741 3326 l
1760 3275 1811 3326 856
1833 3273 1861 3326 9*
1945 3267 1972 3318 in
1982 3269 2107 3320 tincturis
2120 3271 2214 3324 dicitur
2228 3273 2372 3324 secundum
2384 3281 2490 3326 naturae
2500 3275 2584 3326 diver·

589 3371 617 3423 la
635 3375 702 3422 statu
717 3364 921 3430 imperfectionis
939 3371 1032 3428 regnat
1043 3367 1123 3436 timor
1134 3367 1164 3418 lll
1179 3367 1232 3420 885
1322 3365 1472 3416 irroratum
1490 3391 1526 3404 -·
1545 3377 1597 3416 non
1620 3369 1704 3428 potest
1732 3377 1789 3416 esse
1816 3365 1843 3414 in
1867 3377 1909 3414 na·
1945 3357 2047 3408 nitatem
2071 3365 2097 3410 et
2121 3361 2276 3412 continentis
2299 3365 2469 3426 capacitatem
2496 3365 2502 3414 t
2530 3363 2581 3416 353

589 3457 618 3512 b.
635 3457 687 3508 886
707 3455 737 3508 9*
749 3481 783 3494 --
803 3453 961 3518 imperfectis
975 3453 1033 3506 ficei
1046 3455 1150 3518 lugere,
1170 3469 1232 3506 cnm
1269 3457 1326 3506 tura
1346 3453 1434 3506 divina
1453 3455 1483 3506 lll
1502 3455 1548 3506 339
1573 3451 1602 3504 9*
1618 3479 1656 3492 -
1673 3455 1779 3506 excusat
1797 3449 1830 3508 ab
1844 3451 1909 3504 obli·
1935 3443 1972 3496 ·d·
1992 3443 2025 3496 90
2047 3443 2111 3500 Vidn
2127 3447 2159 3500 V·
2179 3445 2324 3502 contineri.
2336 3475 2371 3512 ··÷
2391 3451 2493 3518 aliquid
2507 3453 2583 3506 nstin

590 3547 650 3614 quis
670 3547 810 3610 impugnat
827 3543 907 3596 iidem
928 3543 955 3594 999
976 3541 1026 3594 899
1048 3557 1062 3596 9
1268 3539 1374 3604 gatione
1392 3541 1412 3592 ll
1431 3539 1482 3590 599
1501 3553 1563 3590 9-
1575 3545 1694 3602 excusat,
1709 3551 1771 3590 cnm
1784 3539 1844 3606 quis
1857 3551 1908 3590 non
1946 3533 1995 3584 elio
2015 3541 2058 3584 aut
2078 3535 2223 3588 secundum
2243 3539 2415 3602 praesentiam
2429 3545 2541 3606 tantum,
2555 3547 2585 3594 ut

645 3629 878 3686 9999909-99900
898 3633 998 3696 impetu
1017 3631 1233 3698 movetur,qnod
1270 3633 1354 3694 potest
1383 3635 1554 3692 praeceptum
1586 3629 1694 3692 implere
1726 3641 1774 3692 per
1804 3641 1832 3678 se
1861 3641 1910 3678 nee
1946 3621 2163 3690 rudiusiuadre,
2185 3627 2388 3680 autsecundum
2409 3631 2582 3692 praesentiam

590 3737 642 3776 non
662 3723 743 3776 babet
760 3721 894 3774 retrahens
920 3721 936 3772 tt
963 3720 1012 3772 986
1034 3719 1063 3772 5*
1079 3747 1118 3758 -
1135 3735 1234 3786 repug-
1269 3731 1317 3782 per
1334 3717 1448 3769 afiennm
1467 3717 1605 3782 auxilium,
1624 3715 1696 3782 qnod
1711 3723 1813 3782 praesto
1832 3721 1871 3768 est
1891 3715 1910 3766 ll
1946 3715 1972 3762 et
1984 3709 2199 3778 dependentiam,
2214 3717 2340 3768 utauima
2353 3717 2377 3766 in
2393 3731 2517 3784 corpore,
2537 3725 2583 3772 aut

590 3819 633 3864 nat
653 3811 735 3864 libero
753 3807 873 3876 arbitrio,
892 3821 954 3860 cnm
968 3809 1090 3864 ,99990099
1108 3811 1234 3862 retinacu·
1268 3805 1315 3858 699
1340 3805 1368 3858 d.
1385 3805 1401 3856 3
1424 3793 1455 3842 ἐ-
1475 3805 1599 3858 999099999
1611 3809 1716 3858 excusat
1729 3819 1742 3858 a
1756 3803 1842 3870 culpa,
1857 3817 1908 3854 non
1945 3799 2092 3854 secundum
2105 3805 2278 3866 praesentiam
2297 3809 2322 3856 et
2339 3805 2540 3870 dependentium
2557 3815 2584 3860 99

588 3901 644 3954 lnm
664 3901 771 3950 interius
791 3895 852 3950 t'bt‘d.
877 3895 939 3950 Vide
962 3897 990 3950 V.
1010 3897 1128 3950 Animal.
1268 3907 1332 3946 vero
1352 3881 1392 3944 illa
1414 3901 1539 3962 quaeest
1561 3909 1593 3946 ex
1612 3895 1719 3960 propria
1742 3893 1817 3956 culpa
1847 3891 1908 3946 ibid.
1945 3891 2172 3944 concomitantiam
2186 3893 2212 3944 ln
2228 3895 2351 3960 materia,
2368 3903 2397 3948 ut
2414 3895 2499 3962 liquur
2513 3899 2538 3948 in
2555 3895 2583 3947 li·

644 3989 759 4042 99999999
774 4013 811 4024 -
828 3995 868 4040 est
886 3985 912 4036 ia
933 3987 1014 4038 Deum
1034 3987 1053 4038 ll
1071 3985 1124 4040 785
1137 4001 1194 4052 arg.
1216 3987 1232 4038 9
1267 3983 1320 4034 770
1340 3979 1368 4034 9*
1386 4011 1423 4022 -
1442 3982 1479 4034 999
1496 3983 1647 4046 impotentia
1668 3981 1779 4034 coeundi
1800 3977 1857 4034 uida
1878 3981 1908 4034 V.
1945 3989 2043 4044 quore,
2057 3983 2084 4030 et
2097 3979 2239 4034 bocsolum
2254 3983 2465 4046 propriedlcitur
2478 3985 2582 4036 misceri

644 4079 783 4130 laruarum
802 4103 837 4112 -
857 4073 953 4128 clandit
972 4077 996 4124 in
1016 4089 1045 4126 se
1064 4067 1233 4138 praedicatio·
1267 4069 1482 4128 Matrimonium.
1945 4064 1952 4115 Ι
1976 4065 2028 4118 639
2047 4065 2075 4118 9*
2093 4095 2127 4106 -
2147 4071 2171 4122 99
2186 4071 2310 4122 creaturis
2324 4075 2385 4124 sunt
2399 4085 2492 4124 novem
2510 4073 2582 4124 modi

589 4179 648 4218 nem
664 4165 752 4218 999979
770 4163 926 4230 b--Quod
940 4163 1090 4226 implicatur
1108 4165 1234 4230 contingit
1321 4161 1470 4214 9099999990
1491 4187 1523 4196 -
1543 4163 1719 4212 iuramentum
1747 4161 1909 4224 99999099-
1943 4153 2047 4206 essendi
2065 4157 2092 4206 in
2112 4157 2253 4222 l3issarg.
2273 4157 2289 4208 7
2308 4185 2344 4198 -
2362 4159 2466 4226 Aliquid
2484 4159 2580 4214 dicitur

589 4253 741 4318 simpliciter
753 4253 841 4304 lnferri
855 4253 863 4304 l
877 4251 911 4304 97
925 4265 981 4316 arg.
1001 4249 1025 4302 9.
1040 4251 1127 4304 999959
1145 4251 1232 4318 argi
1268 4251 1395 4302 cationem
1416 4255 1453 4302 est
1472 4249 1584 4316 licitum,
1598 4247 1642 4302 sed
1663 4253 1700 4302 est
1720 4247 1908 4314 gravissimam
1943 4251 2001 4292 esse
2020 4243 2046 4294 in
2063 4243 2153 4310 nliqno
2165 4247 2206 4298 vel
2219 4245 2364 4298 secondom
2384 4249 2513 4301 actualem
2532 4253 2581 4302 exi·

641 4343 831 4394 lneoamrsnrn
846 4367 881 4378 -
899 4333 960 4392 dicit
986 4341 1152 4404 propositum
1178 4353 1230 4390 non
1268 4337 1443 4390 iuramentum
1464 4337 1564 4388 999870
1584 4337 1602 4390 b
1943 4331 2075 4398 stantiam,
2096 4333 2135 4384 nel
2156 4337 2301 4388 secundum
2321 4337 2495 4390 similitudinis
2508 4353 2580 4404 prae·

587 4427 808 4496 poenitendi,vel
821 4427 971 4480 continuam
987 4429 1193 4490 permanentiam
1205 4429 1231 4480 in
1320 4427 1447 4478 9999999999
1465 4451 1502 4464 -
1521 4425 1614 4478 Forma
1637 4425 1714 4490 sigilli
1733 4427 1860 4488 impressa
1879 4427 1905 4476 in
1943 4419 2067 4484 Sentlntn.
2089 4421 2129 4472 vel
2150 4423 2294 4476 secundum
2313 4427 2474 4478 causativam
2490 4433 2581 4492 poten-

588 4519 764 4586 malcusque
788 4517 822 4568 ad
850 4517 920 4568 diem
939 4521 1084 4568 extremum
1104 4517 1231 4568 inclusive
1268 4529 1335 4580 aqua
1358 4527 1408 4566 non
1427 4521 1514 4566 manet
1533 4503 1919 4580 admomentum,nistprae·‘
1943 4507 2004 4558 finnt
2028 4509 2109 4574 ¹52⁰,
2132 4509 2151 4562 b
2177 4525 2218 4580 sq.
2237 4540 2274 4552 -
2291 4513 2343 4566 Res
2366 4519 2406 4566 081
2428 4517 2454 4566 in
2479 4517 2580 4586 999999,

587 4607 708 4660 999909
731 4605 945 4670 -estspecies
971 4605 1069 4670 peccati
1099 4607 1124 4656 in
1154 4607 1233 4670 Spiri·
1268 4607 1340 4656 sente
1353 4603 1800 4670 99909096399--9990999999999
1817 4603 1907 4656 variae
1943 4595 2004 4662 qula
2023 4597 2165 4652 similitudo
2182 4601 2239 4654 eins
2257 4607 2296 4654 est
2313 4603 2340 4652 in
2359 4617 2389 4654 ea
2408 4601 2442 4658 ib.
2463 4607 2480 4656 i.
2501 4605 2510 4654 f

588 4699 644 4748 tum
665 4701 799 4760 sanctum,
819 4697 847 4744 nt
866 4699 905 4746 est
925 4695 1152 4758 propositnmnon
1172 4709 1233 4760 poe·
1268 4691 1332 4746 liunt
1352 4695 1376 4744 in
1397 4691 1485 4744 medio
1503 4691 1570 4746 airis
1589 4693 1725 4746 interstitio
1742 4693 1760 4744 ll
1782 4691 1832 4742 969
1850 4691 1901 4744 df
1996 4717 2032 4730 -·
2058 4691 2163 4758 Aliquid
2193 4699 2232 4748 est
2261 4693 2287 4742 in
2314 4693 2404 4760 aliquo
2433 4697 2580 4748 secundum

587 4875 681 4926 ceteris
698 4871 837 4936 speciebus
855 4883 954 4922 annena
974 4869 1036 4924 iotd.
1057 4871 1103 4922 999
1127 4869 1231 4924 5*.996
1268 4871 1328 4922 9999
1349 4871 1399 4922 995
1419 4869 1443 4922 b.
1464 4871 1515 4922 503
1535 4871 1553 4922 b
1571 4899 1608 4910 -
1625 4871 1749 4936 importat
1766 4871 1908 4922 volontatis
1943 4869 2008 4922 dum
2034 4871 2136 4922 virtutis
2160 4871 2336 4938 influentiam,
2363 4873 2405 4924 vel
2432 4875 2580 4928 secundum
2609 4885 2611 4890 '

588 4959 618 5012 6*
636 4989 670 5000 -
689 4961 818 5014 contrarie
836 4961 1233 5024 dictaestvolnntasnonpoe·
1266 4961 1451 5012 fecunditatem
1478 4961 1487 5012 l
1511 4959 1563 5012 995
1582 4959 1609 5012 b.
1635 4961 1686 5012 996
1707 4959 1743 5012 9*.
1763 4959 1908 5012 5939)-
1943 4959 2086 5012 intimitatis
2109 4961 2268 5014 existentiam
2293 4961 2301 5012 l
2327 4961 2378 5012 699
2404 4977 2417 5012 9
2443 4991 2477 5000 -
2502 4963 2579 5030 Quod

587 5051 684 5102 nitendi
713 5057 739 5102 et
764 5055 859 5102 estex
887 5049 983 5102 malitia
1001 5055 1026 5102 et
1045 5045 1182 5114 peccatum
1204 5051 1231 5102 in
1268 5063 1319 5102 non
1338 5049 1426 5114 privat
1443 5063 1500 5102 esse
1520 5047 1554 5100 ab
1573 5049 1623 5100 alio
1641 5049 1651 5100 l
1672 5049 1723 5102 509
1742 5049 1758 5098 9.
1780 5049 1804 5100 9.
1823 5047 1907 5100 50399
1944 5047 2057 5110 perfecte
2082 5051 2164 5102 99999
2183 5051 2272 5116 aliquo
2291 5057 2329 5102 est
2348 5051 2491 5104 secundum
2518 5051 2583 5104 indi·

587 5139 714 5204 Spiritum
734 5143 854 5192 sanctum
873 5139 891 5190 ll
920 5137 972 5188 996
999 5135 1028 5188 6*
1047 5165 1080 5176 -
1101 5139 1232 5204 privative
1267 5165 1302 5176 —
1321 5151 1354 5188 ne
1373 5151 1402 5188 ex
1424 5137 1592 5204 consequenti
1612 5137 1719 5204 quidem
1739 5135 1907 5202 dicitrespe·
1943 5137 2072 5202 stantiam,
2095 5139 2253 5192 influentiam
2274 5143 2298 5190 et
2313 5139 2500 5192 inexistentiam
2519 5139 2580 5194 ibid.

587 5227 654 5282 dicta
674 5239 737 5280 non’
754 5231 794 5278 est
821 5231 956 5290 peccatum
986 5233 1076 5280 contra
1105 5229 1230 5292 Spiritum
1267 5231 1338 5278 ctum
1365 5225 1506 5288 positivum
1532 5227 1681 5278 distinctum
1700 5225 1734 5278 ab
1752 5225 1908 5276 innascibili·
1942 5251 1979 5260 —
1996 5225 2058 5276 Esse
2077 5225 2232 5280 intrinsecus
2249 5227 2275 5276 in
2290 5225 2376 5292 aliquo
2396 5227 2436 5278 vel
2457 5231 2496 5280 est
2516 5231 2582 5282 sicut

586 5323 721 5382 sanctum,
743 5315 791 5368 sed
820 5315 881 5368 dicit
903 5315 1080 5370 conditionem
1106 5317 1162 5368 sive
1181 5319 1230 5370 cir·
1268 5323 1317 5368 tate
1346 5321 1371 5368 et
1388 5315 1530 5378 spiratione
1550 5317 1559 5368 l
1576 5313 1627 5368 503
1648 5329 1663 5368 9
1682 5329 1722 5382 sq.
1740 5341 1776 5354 -
1795 5327 1846 5368 non
1868 5321 1908 5368 est
1943 5317 2231 5378 contentumrespecto
2251 5315 2479 5380 continentis,vel
2498 5319 2581 5370 utin·

589 5405 774 5458 cumstantiam
794 5405 891 5468 peccati
912 5405 1093 5470 praecedentis
1112 5403 1175 5458 ibid.
1268 5405 1338 5456 notio
1358 5405 1436 5456 9939
1457 5403 1473 5456 b
1493 5429 1528 5442 ·-
1547 5417 1599 5456 non
1619 5411 1657 5456 est
1676 5405 1746 5456 notio
1765 5405 1846 5456 Patris
1859 5417 1907 5456 nec
1943 5399 2028 5452 fluens
2045 5401 2070 5450 in
2091 5403 2229 5456 intimaret
2248 5401 2333 5456 99995
2354 5401 2425 5454 9*·-
2438 5411 2509 5456 90999
2523 5421 2581 5460 cau·

640 5521 677 5534 ..
695 5499 735 5546 esp
757 5495 949 5550 consummatio
979 5493 1089 5546 aedificii
1111 5483 1231 5547 diabolici
1268 5489 1322 5540 Filii
1341 5493 1350 5544 l
1370 5491 1422 5542 503
1441 5503 1455 5540 9
1475 5505 1515 5556 sq.
1943 5489 2069 5540 salitatem
2090 5491 2235 5542 secundum
2254 5499 2367 5558 quatuor
2385 5507 2482 5558 genera
2501 5495 2509 5546 l
2530 5495 2580 5548 630

586 5581 691 5640 ivise
720 5595 776 5644 arg.
797 5581 812 5632 3
831 5607 868 5620 -
886 5579 969 5634 999999
998 5595 1050 5634 990
1078 5587 1164 5646 potest
1191 5597 1232 5634 re·
1319 5577 1834 5642 9999999999-909999999999909909999
1847 5587 1907 5630 9999
1943 5573 1971 5628 d.
1990 5575 1999 5626 9
2017 5579 2169 5644 -Aliquid
2188 5579 2283 5634 dicitnr
2301 5595 2359 5634 esse
2378 5583 2405 5636 in
2424 5583 2581 5636 99999909-

588 5671 669 5736 mitii;
690 5669 855 5734 propositum
884 5675 971 5722 autem
1001 5681 1052 5720 non
1080 5669 1231 5732 poenitendi
1267 5663 1468 5730 exponendael
1498 5665 1548 5716 963
1571 5661 1599 5716 b.
1624 5665 1651 5714 lll
1677 5665 1710 5716 89
1737 5659 1773 5716 9*.
1799 5665 1848 5716 939
1869 5663 1906 5718 9*.
1943 5665 2007 5718 dum
2033 5669 2207 5722 causalitatem
2233 5669 2378 5722 secundum
2398 5671 2455 5724 illus
2481 5679 2579 5726 tantum

586 5771 639 5810 aon
658 5753 891 5820 estimpossibile,
920 5755 966 5808 sed
993 5757 1175 5810 inconsuetum
1193 5771 1232 5810 re·
1268 5753 1319 5804 953
1339 5751 1377 5804 9*.
1396 5751 1443 5804 939
1476 5767 1501 5804 9.
1528 5753 1579 5804 960
1601 5753 1627 5804 b.
1646 5753 1744 5806 ivam
1769 5749 1842 5804 b-
1862 5753 1907 5806 bo·
1943 5751 2582 5824 terminos,quiimportantrespectumadcrea·

555 5891 556 5894 ,
585 5847 651 5898 mitti
671 5845 690 5898 ll
710 5843 762 5896 990
793 5857 818 5910 9,
841 5843 924 5894 9*-
943 5843 1069 5894 Voluntas
1097 5843 1231 5896 damnato·
1267 5843 1335 5894 cutio
1355 5841 1791 5904 improprianonestextoadenda
1810 5843 1905 5896 999950
1943 5849 2029 5896 turam
2048 5843 2109 5900 ibid.

586 5947 654 5998 rum,
669 5947 719 5986 non
734 5931 820 5986 oblata
833 5933 916 5996 gratia
931 5933 1232 5996 praeveniente,rema-
1268 5927 1305 5982 9*.
1323 5929 1375 5980 960
1394 5943 1408 5980 9
1428 5957 1463 5966 -
1487 5929 1521 5980 999
1550 5931 1700 5994 impropriis
1726 5945 1776 5984 non
1805 5939 1844 5984 est
1868 5949 1906 5986 ar·
1995 5961 2031 5974 -
2049 5933 2144 6002 Omne,
2165 5935 2236 6002 qnod
2255 5937 2332 5990 estin
2353 5939 2452 6004 aliquo,
2474 5951 2580 5992 nonex-

587 6029 630 6078 net
648 6025 675 6076 in
703 6023 897 6090 impoenitentia
926 6021 1083 6086 sempiterna
1103 6023 1181 6074 etita
1201 6023 1229 6072 in
1266 6017 1402 6084 guendnm
1425 6017 1450 6068 999
1477 6017 1526 6070 959
1548 6017 1564 6070 b
1584 6019 1673 6070 —Ex
1696 6019 1850 6086 impropriis
1868 6037 1905 6078 se·
1942 6023 2009 6076 cedit
2035 6027 2203 6088 capacitatem
2224 6027 2280 6078 eius
2303 6027 2328 6076 in
2353 6039 2406 6092 quo
2429 6033 2468 6080 est
2492 6029 2501 6078 l
2528 6029 2579 6080 396

586 6114 663 6180 culpa
684 6113 702 6164 ll
725 6113 772 6164 976
794 6125 863 6164 a-
881 6111 1056 6174 impoenitens
1067 6123 1120 6164 non
1139 6115 1230 6174 peccat
1266 6105 1383 6160 cundum
1409 6119 1501 6158 earum
1529 6107 1754 6172 improprietatem
1775 6125 1826 6164 non
1847 6113 1906 6166 licet
1943 6113 1959 6164 f.
1981 6113 1990 6164 9
2015 6113 2166 6180 -Omne,
2190 6113 2263 6182 quod
2282 6119 2321 6166 est
2345 6115 2369 6164 in
2395 6127 2444 6166 099
2470 6127 2497 6166 re
2517 6115 2592 6184 limi·¹

586 6199 1158 6266 continue,sedinpeccatoperseverath
1177 6197 1228 6252 599
1266 6209 1378 6260 arguere
1396 6195 1426 6248 lll
1445 6195 1479 6248 89
1500 6191 1528 6246 9*
1547 6221 1581 6234 -
1601 6195 1719 6248 Verbum
1739 6199 1784 6252 liei
1804 6203 1906 6254 riuulo
1942 6207 2006 6266 tata,
2026 6203 2059 6254 ita
2078 6203 2150 6270 qnod
2170 6215 2222 6256 non
2241 6207 2281 6256 est
2299 6203 2323 6254 in
2345 6201 2407 6268 alia,
2430 6209 2470 6254 est
2488 6203 2579 6266 limita-

587 6291 614 6344 d.
632 6291 648 6344 t
1265 6287 1356 6354 quitur
1367 6285 1545 6350 impropriam
1557 6285 1566 6336 l
1579 6285 1630 6336 930
1644 6285 1662 6338 9.
1676 6287 1685 6336 l
1703 6315 1740 6328 -
1750 6287 1905 6356 improprie·
1941 6295 1997 6344 tum
2016 6297 2042 6344 ef
2054 6295 2181 6344 arctatum
2200 6293 2210 6344 l
2224 6293 2274 6344 638
2289 6289 2305 6344 9.
2319 6291 2335 6342 3
2349 6291 2492 6356 -Omne,
2507 6293 2581 6360 qnod

638 6381 786 6432 9990999909
806 6407 839 6416 -
858 6379 952 6432 dicitur
965 6377 1038 6444 large
1051 6385 1075 6432 ef
1088 6379 1176 6432 stricte
1194 6379 1228 6432 lV
1266 6383 1305 6428 tas
1323 6375 1456 6428 reducitur
1476 6373 1508 6426 ad
1527 6375 1713 6440 proprietatem
1726 6379 1735 6430 l
1748 6377 1800 6430 399
1817 6395 1872 6446 arg.
1889 6383 1898 6434 9
1940 6387 1981 6434 est
1997 6381 2022 6430 iu
2043 6381 2130 6446 aliquo
2157 6387 2223 6446 toto,
2248 6379 2292 6432 vel
2317 6383 2357 6432 est
2379 6381 2406 6432 in
2428 6395 2461 6432 eo
2478 6383 2579 6434 ratione

587 6469 639 6522 339
659 6467 687 6518 9*
707 6497 741 6506 -
758 6467 801 6518 999
820 6473 860 6520 999
878 6467 1024 6520 secundnm
1043 6471 1173 6532 naturam,
1186 6467 1228 6520 vel
1318 6467 1469 6518 9990999990
1490 6489 1523 6500 -
1541 6463 1657 6516 veritatis
1681 6467 1827 6520 secundnm
1853 6473 1905 6536 pie·
1941 6471 2032 6534 totius,
2050 6469 2093 6520 vel
2111 6471 2211 6522 ratione
2229 6469 2309 6534 partis
2327 6469 2347 6520 ll
2366 6467 2396 6520 8l
2420 6469 2486 6522 b-
2502 6471 2580 6536 Quod

488 6581 492 6586 ·
587 6571 636 6622 per
648 6557 778 6620 accidens,
800 6557 841 6608 vel
862 6557 946 6620 logice
965 6557 973 6608 l
992 6555 1230 6608 7509-0999909
1265 6557 1358 6620 tatem,
1378 6569 1447 6620 quae
1464 6559 1503 6606 est
1522 6553 1710 6620 cumqnadam
1725 6561 1902 6626 protervitate,
1941 6559 1968 6608 in
1988 6557 2073 6626 aliquo
2087 6559 2211 6624 recipitur
2224 6563 2248 6610 ef
2262 6555 2393 6622 dependet
2411 6573 2424 6610 a
2439 6561 2581 6622 recipiente

504 6641 507 6650 ’
587 6645 658 6710 quod
674 6647 744 6698 nullo
763 6643 1024 6710 modopotesttieri,
1043 6643 1229 6712 velquoddli·
1265 6649 1305 6696 est
1322 6649 1458 6706 peccatum
1479 6645 1503 6694 in
1523 6641 1647 6706 Spiritum
1667 6653 1785 6698 sanctum
1804 6647 1834 6698 lll
1854 6647 1905 6700 897
1942 6653 1982 6698 est
1994 6661 2041 6710 per
2054 6647 2164 6700 modum
2176 6647 2411 6712 recipientisltili
2422 6647 2448 6698 b.
2468 6645 2580 6698 69999

587 6733 688 6786 liculter
705 6733 734 6788 fit
753 6733 770 6784 ll
791 6731 836 6784 999
866 6731 941 6784 ii-
959 6731 1100 6800 aliquando
1120 6731 1227 6800 dicitur,
1266 6729 1295 6782 6*
1312 6759 1347 6770 -
1367 6733 1483 6786 veritatis
1509 6731 1614 6796 agnitae
1632 6737 1740 6798 propter
1757 6733 1849 6788 odium
1869 6735 1906 6788 di·
1994 6737 2317 6800 intersertam-*signi
2338 6735 2370 6788 90
2390 6737 2580 6798 signatumest

587 6821 659 6886 qnod
672 6827 710 6874 est
729 6821 833 6874 difficile
846 6821 881 6874 tv
893 6821 945 6874 333
968 6821 1004 6874 9*.
1022 6821 1102 6874 7999
1121 6849 1158 6860 -
1176 6821 1229 6876 Nos
1265 6825 1346 6874 centis
1359 6827 1403 6872 ant
1416 6821 1522 6874 eftectus
1541 6827 1731 6886 consequentes
1749 6825 1817 6876 circa
1836 6827 1906 6878 veri·
1943 6823 2050 6890 falsitas,
2064 6831 2090 6876 et
2102 6839 2208 6890 semper
2222 6825 2284 6878 dicit
2296 6823 2440 6886 delectum,
2454 6837 2503 6876 nun
2515 6839 2580 6878 vero

586 6909 735 6964 iudicamus
754 6911 851 6978 aliquid
866 6911 1028 6976 impossibile
1041 6925 1088 6976 per
1102 6911 1228 6962 limitatio·
1265 6915 1343 6962 tatem
1364 6911 1510 6976 religionis,
1531 6923 1592 6962 cum
1612 6907 1639 6962 nt
1658 6913 1823 6974 pertinaciter
1835 6921 1862 6968 et
1874 6927 1905 6966 ex
1942 6913 2121 6982 indaeqnatio,
2141 6917 2298 6990 quaeestin
2312 6909 2488 6966 9990999875
2508 6911 2581 6964 9*-
