5792 8392
353 611 414 677 tao
1180 603 1295 670 9999
1318 551 1509 670 succubus

649 693 717 746 MAR
1987 691 2055 744 ΜΑΤ

350 785 381 838 919
399 783 594 836 dia-eius
623 783 707 834 honor
734 781 873 846 diligenter
898 795 990 834 caven·
1026 783 1088 834 riori
1107 781 1142 834 lV
1161 779 1212 832 910
1231 779 1282 832 93
1308 805 1342 820 -
1367 779 1496 832 excellant
1519 779 1545 828 in
1571 779 1664 830 merito
1757 779 1844 832 999999
1864 787 1955 834 -est
1973 781 2131 846 principium
2157 781 2297 844 passivam
2315 785 2340 832 et

350 873 414 924 durh
433 877 524 924 estne
551 871 697 936 minuatur,
717 873 762 936 qui
781 871 858 922 etiam
879 871 903 924 in
924 873 990 936 peri·
1027 871 1127 924 ratione
1146 867 1318 934 difficultatis,
1337 879 1388 932 aua
1400 879 1494 918 eorum
1507 867 1589 918 virtus
1608 879 1665 930 pro·
1703 867 1845 932 praeexigit
1865 867 1935 920 aliud
1953 871 2113 936 principium
2126 869 2199 934 prius
2219 867 2227 916 Ι
2249 867 2340 920 9999.

350 961 409 1014 9999
428 963 520 1024 capitis
538 957 616 1010 debet
629 959 729 1024 integer
743 959 868 1012 custodiri
890 959 923 1012 99
936 959 988 1010 697
1028 957 1104 1008 betur
1124 955 1143 1006 99
1160 953 1213 1006 707
1232 967 1267 1006 9
1622 1009 1624 1014 ,
1704 951 1737 1004 10
1756 979 1790 990 -
1810 961 1848 1006 est
1871 957 2026 1020 principium
2046 957 2241 1010 substantiatus
2259 957 2339 1020 prolis

350 1047 421 1100 b-
441 1047 615 1110 multipliciter
634 1045 788 1098 seostendil
801 1049 989 1100 auxiliatricem
1079 1071 1114 1080 -
1135 1035 1560 1106 Animaesanctorumhlartyrum
1579 1041 1664 1096 statim
1702 1053 1781 1106 quum
1804 1041 1994 1106 9919999799
2013 1045 2105 1098 bose
2126 1047 2162 1110 1*,
2182 1041 2219 1096 9*.
2239 1045 2289 1098 809
2312 1041 2340 1098 9*

350 1141 376 1188 91
388 1137 537 1188 amatricem
551 1137 669 1188 omnium
684 1137 799 1190 fidetium
814 1149 923 1190 suorum
937 1137 989 1186 tau·
1028 1131 1180 1182 9991991999
1211 1121 1446 1194 tesarg.'t.tv
1470 1131 1521 1182 108
1545 1129 1602 1182 ii
1631 1155 1665 1170 -
1701 1155 1737 1168 -
1756 1129 1815 1194 pius
1834 1129 1878 1182 dat
1902 1129 1935 1182 de
1959 1131 2104 1186 substantia
2127 1147 2206 1200 99999
2233 1131 2337 1198 paierl

350 1223 519 1276 datorumlii
546 1221 670 1276 otu-
694 1225 810 1292 quotidie
836 1219 988 1276 honoranda
1027 1221 1114 1270 stetim
1133 1215 1510 1282 beatificantur‚etiniuriam
1529 1219 1664 1270 iacttllar·
1703 1215 1754 1268 199
1772 1215 1800 1268 d.
1821 1217 1852 1268 10
1872 1239 1908 1254 -·
1927 1215 1992 1270 Caro
2011 1223 2101 1272 matris
2128 1229 2151 1276 et
2177 1221 2218 1274 99119
2248 1233 2340 1274 contre·

350 1309 411 1366 ibid.
434 1339 468 1348 -
492 1311 536 1362 die
564 1311 668 1366 sabbati
698 1315 803 1376 colitur,
832 1311 939 1362 eumin
957 1323 986 1360 ea
1028 1307 1077 1372 tyri
1095 1307 1142 1374 qai
1160 1317 1209 1370 pro
1227 1307 1284 1358 eius
1303 1305 1583 1360 991919999199959
1602 1307 1664 1360 95
1701 1305 1823 1356 alentiam
1849 1303 1945 1358 habent
1970 1307 1998 1358 in
2024 1307 2168 1362 substantia
2195 1317 2220 1362 et
2248 1317 2337 1362 natura
2366 1339 2371 1348 =

349 1401 417 1464 sola,
442 1399 576 1464 discipulis
603 1401 795 1464 dubitantibus,
823 1397 989 1450 9999989919-
1026 1421 1062 1434 -··
1080 1393 1230 1458 Martyrium
1256 1401 1355 1446 resecat
1384 1395 1469 1446 omnia
1500 1395 1609 1448 venialia
1632 1395 1663 1446 ty
1702 1393 1734 1444 99
1755 1389 1854 1446 8099*

348 1491 402 1542 siae
428 1491 582 1542 remanserit
608 1489 693 1542 solida
719 1493 745 1540 et
772 1487 927 1538 inconeussa
958 1485 986 1536 999
1027 1481 1077 1534 198
1097 1481 1124 1534 9.
1144 1479 1212 1530 t-
1236 1483 1410 1534 cotnmuniter
1437 1485 1521 1548 inagis
1545 1485 1663 1536 solemni·
1754 1509 1788 1518 —
1808 1495 1871 1534 vera
1889 1489 2046 1546 cooperatur
2069 1485 2094 1532 in
2121 1487 2287 1548 generatione
2309 1487 2338 1538 999

350 1577 384 1630 78
405 1575 433 1628 9*
1026 1577 1118 1624 rentur
1140 1581 1219 1636 quam
1239 1569 1406 1622 Coniessores
1432 1571 1450 1622 99
1473 1569 1524 1622 996
1551 1575 1569 1624 9.
1594 1575 1610 1624 9
1628 1599 1663 1610 -
1702 1569 1789 1621 1101.
1810 1571 1833 1636 9,
1856 1571 1882 1622 5.
1901 1569 1947 1620 919
1970 1583 2038 1636 asq.
2052 1585 2150 1624 -non
2165 1575 2250 1628 solum
2264 1589 2337 1638 prae·

404 1691 438 1704 ···
456 1673 494 1718 est
514 1653 675 1728 veneranda,
698 1659 842 1722 secundum
861 1657 935 1726 quod
949 1665 988 1710 est
1025 1657 1161 1710 Cicatrices
1175 1659 1317 1710 manentia
1331 1659 1529 1722 signummeriti
1543 1661 1664 1712 91199999-
1701 1663 1751 1708 stat
1768 1659 1902 1710 materiam
1923 1659 1950 1710 lli
1970 1659 2051 1710 9109.
2065 1659 2088 1710 5.
2111 1659 2155 1711 919
2179 1659 2196 1712 b
2224 1659 2286 1714 Vide
2310 1659 2337 1714 V.

272 1769 278 1776 ·
350 1767 429 1818 supra
451 1767 498 1806 nos
518 1753 544 1804 919
558 1749 609 1802 639
631 1749 657 1800 9.
676 1749 811 1800 9-9999
830 1747 933 1800 ditectio
952 1749 988 1798 in·
1028 1749 1072 1812 phi
1091 1747 1125 1798 99
1144 1745 1265 1810 915999.
1285 1743 1348 1796 t-
1367 1743 1506 1800 Cicatrices
1525 1749 1619 1800 lactent
1631 1747 1663 1800 ad
1701 1743 1813 1798 Femina
1831 1747 1856 1798 et
1878 1743 1906 1796 V.
1928 1743 2337 1804 6999999999-99199999-

349 1841 463 1894 cluditur
479 1839 530 1890 sub
542 1839 679 1890 dilectione
696 1837 807 1902 proximi
821 1833 931 1888 1999.-
945 1835 986 1886 de·
1025 1833 1147 1888 decorem
1167 1837 1286 1898 corporis
1305 1839 1331 1884 et
1349 1833 1458 1898 gloriam
1478 1837 1581 1890 animae
1598 1837 1663 1888 llar-
1701 1839 1789 1884 ternus
1799 1839 1836 1886 est
1847 1835 1983 1898 concipere
1997 1841 2019 1888 et
2030 1839 2158 1900 parturire
2169 1837 2178 1888 9
2190 1839 2241 1890 199
2255 1837 2281 1890 9.
2297 1839 2337 1890 tu.

350 1929 396 1980 bet
412 1927 446 1980 ab
465 1925 588 1978 omnibus
605 1925 676 1992 diligi
695 1925 798 1990 speciali
812 1925 906 1976 ellectu
923 1921 986 1976 ibid.
1025 1927 1111 1986 tyrum
1132 1919 1165 1974 ib.
1186 1919 1213 1974 9*
1227 1947 1267 1962 -
1285 1923 1407 1986 patiendo
1428 1925 1538 1978 excitant
1559 1937 1605 1978 nus
1630 1923 1663 1976 ad
1700 1921 1730 1972 999
1750 1921 1800 1974 195
1820 1923 1836 1974 9.
1857 1923 1873 1974 3
1892 1949 1928 1962 -·
1946 1925 2058 1988 concipit
2076 1939 2125 1988 per
2150 1927 2201 1980 viri
2226 1927 2337 1980 delecta·

349 2043 385 2052 -
402 2019 441 2066 est
461 2013 591 2078 diligende
611 2019 738 2078 quantum
760 2013 791 2064 ad
808 2017 915 2064 naturae
928 2025 987 2062 con·
1025 2011 1185 2064 credendum
1206 2015 1230 2062 et
1249 2011 1282 2062 99
1301 2011 1443 2064 amandum
1460 2011 1543 2064 Deum
1564 2013 1590 2064 lli
1612 2013 1662 2064 999
1701 2009 1796 2060 tionem
1823 2019 1847 2062 et
1871 2011 1953 2074 ipsius
1981 2013 2182 2082 adhaesionem,
2201 2031 2269 2082 quae
2298 2019 2336 2068 est

348 2103 506 2154 formitatem
524 2099 585 2154 ibid.
676 2145 680 2154 .
1025 2099 1050 2152 d.
1073 2101 1082 2150 9
1701 2109 1761 2148 cum
1780 2097 1912 2150 desiderio
1933 2103 1957 2150 et
1981 2113 2071 2152 amore
2089 2103 2193 2154 virtutis
2211 2105 2338 2166 generati·

395 2187 985 2254 -··liariaedebeturadoratiopropria,quae
1080 2187 1233 2240 9999999999
1253 2215 1287 2226 -
1307 2189 1386 2242 hctus
1404 2191 1521 2254 martyrii
1538 2191 1664 2242 estsustt·
1700 2199 1749 2238 999
1767 2185 1794 2238 919
1817 2187 1882 2238 999

350 2293 402 2332 nan
414 2281 525 2330 retertur
542 2279 576 2330 99
599 2279 710 2328 alterum
728 2277 757 2329 999
777 2277 828 2328 908
848 2275 987 2328 9*-999-
1025 2289 1086 2328 9999
1104 2287 1218 2340 poenam
1236 2289 1269 2328 99
1291 2277 1395 2328 caritate
1420 2277 1454 2328 99
1478 2277 1527 2328 916
1548 2277 1603 2330 d.i
1628 2305 1663 2316 -
1755 2301 1790 2312 --
1809 2275 1961 2328 Reverentia
1991 2283 2015 2328 et
2043 2275 2175 2340 gratitudo
2201 2281 2276 2332 matri
2296 2279 2337 2332 99-

350 2381 399 2422 909
416 2369 439 2418 91
459 2365 588 2418 exhibttus
600 2367 711 2418 retertur
728 2365 764 2418 ad
779 2367 862 2430 ipsam
886 2363 987 2418 utsub·
1025 2365 1065 2416 sd
1083 2363 1238 2428 completam
1262 2367 1389 2418 rationem
1415 2367 1532 2430 martyrii
1556 2379 1664 2418 concur·
1700 2357 1806 2410 11110111
1826 2360 1877 2411 808
1905 2357 1943 2426 2*,
1971 2359 2009 2412 9*.
2037 2361 2088 2412 809
2111 2377 2134 2428 9,
2155 2361 2185 2414 9*
2201 2391 2239 2402 -
2256 2363 2337 2418 Amor

348 2459 458 2520 tectum,
476 2457 510 2508 99
530 2455 621 2507 Filium
641 2459 668 2506 ut
688 2453 765 2506 tinem
784 2453 814 2506 919
834 2453 885 2504 996
905 2451 933 2502 9*
952 2479 987 2490 -
1025 2457 1085 2504 9991
1102 2455 1167 2504 insta
1188 2451 1347 2504 voluntaset
1364 2455 1429 2504 iusta
1457 2465 1533 2504 99999
1553 2451 1662 2506 19111.-
1701 2447 1823 2500 001010110
1849 2447 1884 2502 ad
1912 2455 2020 2502 10911910
2051 2453 2136 2514 magis
2154 2451 2277 2504 9111190101
2304 2453 2337 2506 111

350 2539 865 2598 liariaenontantumdebeturhonor
887 2541 986 2606 duliae,
1025 2541 1200 2592 innocentium
1214 2545 1237 2592 et
1257 2541 1319 2594 boni
1335 2541 1440 2592 latronis
1458 2529 1531 2592 dese
1546 2555 1595 2594 non
1617 2543 1662 2594 tuit
1701 2535 1786 2586 8085·
1808 2535 1901 2588 68119
1922 2535 2195 2592 3*-11911191111091
2223 2541 2335 2594 maxime

349 2633 396 2686 sed
415 2631 597 2696 hyperduliae‚
618 2643 669 2696 qua
692 2631 784 2682 colitur
803 2643 866 2694 prae
895 2631 987 2682 ceteris
1026 2631 1186 2694 completum
1205 2625 1268 2682 ibid.
1700 2631 1739 2676 est
1757 2635 1845 2678 contra
1867 2629 1985 2676 naturam
2004 2627 2037 2678 lV
2060 2627 2109 2678 809
2129 2643 2150 2694 9,
2172 2625 2200 2678 9*

349 2723 474 2774 creaturis
491 2719 526 2774 ib.
544 2735 558 2772 a
578 2749 612 2758 -
633 2733 684 2772 non
705 2719 985 2772 debetadoraricultu
1078 2745 1112 2758 ·-
1131 2725 1169 2770 est
1188 2719 1328 2784 perfectio⁴
1346 2721 1532 2784 quaerespicit
1552 2721 1660 2784 gretiam
1754 2741 1786 2750 -
1805 2713 1903 2766 Nomen
1934 2715 2021 2766 matris
2050 2729 2100 2768 non
2130 2717 2281 2770 transfertur
2301 2717 2334 2770 99

348 2809 483 2862 1919999919
510 2809 561 2862 906
580 2811 597 2862 9.
623 2809 648 2874 9,
670 2811 694 2862 9.
716 2809 766 2860 900
791 2801 815 2874 9,
836 2805 862 2860 9*
881 2837 915 2844 -
935 2809 986 2860 hla-
1027 2809 1284 2874 gratomtadentem
1304 2807 1338 2860 99
1358 2807 1408 2860 660
1429 2807 1457 2860 9*
1476 2837 1513 2846 -
1531 2811 1662 2862 concernit
1700 2799 1800 2868 ditior,
1821 2803 1971 2856 transfertur
1993 2809 2077 2856 tomen
2102 2811 2175 2856 actus
2203 2811 2336 2858 maternus

348 2901 402 2952 riae
422 2913 472 2952 non
491 2895 731 2952 estattribaendus
754 2897 903 2950 irouorsoli
921 2897 984 2948 Filio
1025 2899 1124 2966 aliquid
1151 2899 1325 2950 extrinsecum
1352 2901 1419 2950 eirca
1450 2911 1562 2964 corpus,
1591 2897 1662 2950 unde
1700 2891 2336 2948 112911.10--1199199191119119919919999·

349 2987 550 3040 debituslt168
572 3001 594 3050 9,
614 2985 645 3036 3*
1025 2987 1149 3052 Martyres
1172 2985 1306 3038 habebunt
1331 2985 1462 3052 qttrndam
1489 2987 1611 3038 decorem
1637 2991 1661 3036 et
1699 2981 1815 3032 cundum
1835 2981 2026 3034 translationem
2048 2983 2147 3036 991117
2168 2983 2228 3036 (1.9

401 3101 435 3114 ·-
455 3075 544 3126 habuit
563 3075 740 3126 necessitatem
755 3071 883 3126 moriendi
902 3077 927 3124 et
939 3087 988 3140 pa·
1025 3075 1152 3138 gaudium
1165 3075 1191 3124 in
1206 3087 1330 3138 corpore,
1344 3073 1415 3138 9999
1429 3087 1476 3138 999
1491 3073 1591 3126 Christo
1604 3087 1662 3136 pas·
1754 3069 1931 3120 lisrmaomua
1948 3097 1983 3108 -
2000 3071 2008 3120 t
2033 3069 2104 3134 Quid
2127 3071 2169 3124 rei
2181 3073 2204 3124 et
2216 3069 2333 3126 nominis

351 3159 435 3216 lieth
456 3163 553 3214 919350
575 3163 590 3212 9.
611 3161 627 3212 9
647 3189 680 3200 -
701 3159 987 3226 passibilitatemhabet
1025 3145 1143 3212 sionibus
1160 3167 1338 3224 exposuerant
1357 3159 1458 3212 99767
1478 3177 1491 3210 9
1513 3165 1661 3226 999-99
1700 3153 1975 3210 98999999919993
2006 3155 2172 3226 8999999909
2201 3157 2216 3210 9
2246 3159 2334 3214 Causa

350 3265 399 3316 pro
418 3257 489 3300 reatu
511 3251 608 3314 peccati
634 3249 767 3312 originalis
785 3261 816 3300 ex
836 3249 985 3300 necessitate
1024 3249 1093 3300 reolo
1113 3249 1228 3312 martyrii
1255 3261 1304 3300 non
1326 3247 1435 3300 debetur
1460 3249 1507 3300 soli
1534 3249 1659 3300 voluntati
1699 3241 1847 3296 cauteriatis
1867 3245 1890 3298 et
1907 3243 2334 3312 efficiens-Betaediutt'obtian·

352 3343 483 3392 contracto
509 3339 537 3390 ltt
566 3337 617 3390 336
638 3335 665 3388 9*
683 3363 719 3376 -·-
737 3337 906 3400 poenalitates
934 3349 984 3388 non
1025 3345 1136 3390 mortem
1159 3337 1301 3388 sustinendi
1322 3349 1370 3400 pro
1390 3335 1504 3398 Christo,
1524 3335 1661 3400 sedproat
1698 3341 1792 3384 relisus
1817 3327 2332 3402 -919919999999919999

351 3429 486 3488 assumsit,
506 3425 552 3480 scd
573 3427 699 3480 contraxit
711 3425 738 3476 999
754 3425 787 3476 67
800 3423 819 3476 b
833 3453 866 3462 -
885 3429 986 3490 9919991
1023 3431 1191 3490 comparatur
1210 3423 1242 3474 ad
1258 3433 1344 3476 actum
1364 3427 1518 3476 exteriorem
1535 3423 1570 3476 ib.
1589 3423 1607 3476 b
1626 3451 1660 3486 -,-
1698 3417 1827 3472 Honorias
1843 3449 1879 3456 —
1892 3417 2085 3486 tarperreaiau
2104 3421 2279 3490 Praeceptum
2302 3425 2332 3498 90

348 3519 436 3580 petere
463 3515 641 3566 remissionem
671 3513 766 3578 debiti,
786 3527 838 3564 non
857 3513 909 3576 sui,
939 3513 984 3564 scd
1026 3515 1138 3578 liar-tyrii
1163 3513 1249 3576 palma
1277 3521 1317 3566 cst
1334 3527 1412 3566 aurea
1444 3515 1540 3564 ratione
1570 3515 1659 3564 carita·
1702 3505 1844 3562 Vinculum
1863 3535 1897 3546 —
1916 3511 2046 3562 rotoma
2060 3513 2277 3564 uunvsummatuta
2302 3513 2329 3564 99

350 3585 660 3656 99999999999910999999
679 3601 774 3654 Christi
792 3601 819 3652 lii
840 3601 874 3652 79
896 3597 923 3652 9*
1023 3605 1067 3666 tis,
1087 3603 1192 3654 aureola
1217 3603 1316 3654 ratione
1343 3602 1463 3666 specialis
1494 3603 1623 3666 privilegii
1642 3603 1659 3652 99
1697 3595 1919 3672 indissolubiliter
1941 3599 1971 3648 19
2002 3597 2094 3650 Uiritus
2122 3599 2151 3650 13
2183 3599 2333 3670 infidelium

402 3717 436 3730 -
456 3691 596 3744 Laudanda
620 3693 677 3744 eius
707 3689 831 3744 tortitudo
858 3697 883 3742 et
904 3691 985 3754 pictas
1022 3689 1122 3742 9979*
1146 3689 1207 3744 Vide
1229 3689 1606 3758 V.Buptismus·soupuiais.
1700 3683 2330 3756 1110919110101015899001199909919919

350 3781 374 3832 tn
395 3789 477 3834 morte
496 3777 590 3832 Christi
608 3781 617 3832 l
638 3779 683 3830 869
709 3779 735 3830 d.
759 3779 827 3830 t-
846 3779 871 3828 in
893 3777 984 3830 Christi
1077 3809 1109 3818 -
1130 3781 1236 3832 blortem
1257 3793 1304 3844 999
1325 3777 1424 3832 Christo
1438 3779 1527 3832 subire
1546 3783 1585 3830 est
1604 3793 1660 3842 per·
1700 3771 1769 3826 11999
1789 3772 1822 3825 97
1839 3771 1991 3844 spirituale.

348 3869 468 3934 passione
487 3881 537 3920 999
558 3871 604 3920 9991
627 3867 777 3932 perturbata
806 3865 933 3934 querutum
953 3867 983 3918 ad
1024 3871 1141 3922 iectionis
1154 3869 1281 3920 maximae
1301 3869 1331 3920 llt
1344 3867 1394 3920 669
1414 3867 1430 3918 9.
1453 3869 1474 3918 t.
1496 3867 1547 3918 660
1568 3869 1584 3918 9.
1604 3867 1658 3932 3,9
1733 3863 1743 3912 9
1768 3887 1803 3900 -·-
1821 3871 1858 3916 est
1879 3865 2024 3914 coniunctio
2053 3865 2176 3918 maritatis
2204 3867 2283 3918 maris
2310 3871 2334 3918 et

350 3966 450 4022 partem
470 3957 636 4022 rationalem,
656 3957 703 4008 sed
722 3957 984 4008 sensibilemtantum
1022 3987 1056 3996 —
1078 3959 1209 4012 sustinere
1228 3961 1403 4020 murtompro
1421 3955 1659 4008 Christoestsum·
1685 3951 1989 4010 ,1010100910111111110001
2019 3953 2086 4004 01199
2116 3955 2331 4006 consuetudinem

287 4093 288 4096 ,
350 4047 429 4098 11978
452 4043 533 4096 1*-·-·
551 4059 601 4098 hon
622 4043 753 4098 dubitavit
771 4045 875 4096 exudet
896 4043 983 4096 debin-
1025 4061 1083 4098 mao
1100 4047 1214 4098 caritatis
1238 4051 1365 4112 qllanlutn
1386 4043 1416 4096 ad
1444 4047 1548 4110 signum
1577 4049 1600 4096 et
1619 4059 1659 4096 ox·
1697 4041 1809 4092 retinens
1829 4039 1861 4090 tv
1882 4039 1928 4090 661
1961 4041 1976 4092 9.
2004 4041 2028 4092 3.
2048 4041 2094 4092 639
2120 4041 2145 4094 d.
2165 4043 2190 4094 l,
2209 4043 2260 4094 833
2280 4043 2331 4094 l,3

350 4139 413 4196 tate,
432 4133 479 4184 sed
499 4147 604 4198 semper
632 4135 701 4184 stetit
728 4135 882 4184 inconeussa
902 4129 936 4184 ib.
956 4129 984 4182 9*
1022 4137 1144 4188 teriorem
1169 4135 1344 4186 ostensionem
1370 4135 1379 4184 9
1404 4133 1455 4184 306
1475 4133 1502 4184 d.
1521 4131 1537 4182 7
1558 4161 1591 4172 -
1610 4131 1659 4184 Alt-
1699 4155 1734 4164 -
1754 4131 1791 4176 cst
1811 4129 1891 4178 maris
1908 4137 1934 4178 ct
1953 4129 2064 4180 sentinae
2077 4131 2223 4182 coniunctio
2238 4131 2268 4182 10
2282 4131 2334 4182 676

347 4249 382 4262 -·
402 4221 491 4274 dolens
510 4221 645 4272 demurta
673 4221 767 4272 Christi
788 4221 921 4272 voluntate
941 4221 983 4272 ab·
1023 4227 1188 4290 qaisnossct
1207 4223 1334 4274 sustinere
1359 4227 1469 4282 mortem
1490 4235 1537 4284 pru
1558 4221 1658 4274 Christo
1696 4215 1712 4266 f·
1733 4215 1757 4280 1,
1776 4215 1800 4266 2·
1821 4215 1866 4266 701
1892 4215 1908 4266 s·
1929 4215 1939 4266 1
1961 4227 2055 4270 -est
2073 4219 2154 4282 ipsius
2183 4221 2277 4272 rihcuti
2297 4221 2332 4272 in·

347 4311 429 4364 soluta
450 4309 553 4362 volebat
573 4309 858 4374 quudDeusvoiebat‚
878 4307 984 4360 99999-
1022 4311 1062 4362 999
1083 4325 1131 4376 999
1151 4309 1203 4362 tide
1221 4311 1277 4362 sinc
1295 4311 1415 4374 caritate,
1435 4315 1462 4362 et
1479 4311 1529 4362 hoc
1553 4310 1615 4362 nibil
1635 4311 1657 4362 ei
1697 4303 1853 4356 dissolubilis
1883 4305 1944 4356 unio
1964 4305 1996 4356 19
2016 4305 2067 4358 699
2087 4305 2168 4356 3*-
2188 4321 2240 4360 999
2268 4309 2329 4362 dicit

349 4401 444 4452 tentate
470 4397 642 4450 conditionata
668 4399 725 4448 sive
752 4397 852 4462 pietatis
879 4395 984 4446 volebat
1021 4399 1157 4464 prodesset
1173 4395 1233 4452 ibid.
1253 4397 1398 4450 -Sobna
1411 4403 1536 4462 niarium,
1551 4397 1657 4464 quando
1697 4403 1789 4456 purum
1818 4391 2019 4458 obligationem,
2049 4395 2094 4446 scd
2124 4397 2331 4450 coniunctionem

347 4485 415 4538 bene
443 4491 469 4536 et
492 4485 622 4536 meritorie
647 4485 805 4536 contrariam
836 4485 843 4534 l
869 4485 920 4536 859
947 4481 983 4536 r‘.
1021 4486 1093 4540 adest
1108 4487 1248 4538 necessitas
1267 4487 1308 4538 vel
1324 4485 1461 4538 deserendi
1479 4487 1601 4538 iustitiam
1615 4485 1657 4538 uel
1694 4477 1727 4534 it.
1748 4479 1782 4544 1*,
1804 4479 1833 4532 3*

350 4575 395 4626 869
419 4575 446 4626 9.
467 4575 480 4626 9
499 4603 534 4612 —-
552 4573 760 4638 cornpatiebntur
775 4573 837 4624 rino
856 4579 982 4638 quantum
1021 4575 1153 4628 antittendi
1172 4575 1269 4642 vitant„
1287 4575 1499 4628 estiustitiaeet
1524 4575 1658 4626 necessita·
1747 4569 2096 4622 -100101111000106001
2117 4587 2330 4638 onumsponsus
2399 4583 2400 4586 ’

348 4665 474 4716 sustinere
502 4667 616 4726 9919991,
646 4661 692 4714 sed
722 4663 852 4714 rottrntato
878 4663 983 4712 rationis
1021 4665 1051 4716 tis
1072 4677 1120 4728 pro
1139 4661 1261 4716 omnibus
1280 4663 1308 4714 lli
1328 4663 1378 4714 660
1399 4677 1411 4714 9
1432 4677 1480 4730 sip,
1502 4661 1539 4716 1*,
1558 4663 1604 4716 661
1630 4661 1658 4714 3*
1696 4663 1826 4722 ctsponsa
1839 4659 1871 4708 99
1886 4657 1937 4708 709
1956 4655 2096 4710 5*-999
2109 4665 2148 4712 est
2159 4663 2329 4714 essentialiter

347 4751 471 4804 uoluisset
489 4753 567 4804 etiam
587 4751 759 4814 Unigenitum,
770 4751 871 4802 tradere
885 4763 933 4814 pro
947 4765 984 4800 sa·
1021 4781 1054 4790 --
1075 4755 1209 4816 Exponere
1226 4765 1255 4802 se
1273 4753 1351 4804 murti
1377 4765 1425 4816 pro
1451 4751 1552 4804 Christo
1572 4759 1596 4804 et
1615 4753 1657 4804 Ec·
1696 4745 1794 4798 01160110
1824 4749 1971 4798 0011001001
2000 4749 2041 4798 vel
2070 4751 2259 4812 approximatio
2278 4763 2332 4802 cor·

346 4841 399 4892 tute
426 4841 529 4902 generis
556 4839 663 4890 humani
691 4839 758 4890 sicui
785 4839 842 4902 ipse
870 4839 944 4890 Pater
974 4839 982 4890 l
1022 4841 1097 4894 clesia
1118 4841 1173 4892 sine
1202 4841 1353 4892 necessitate
1382 4847 1419 4892 est
1440 4839 1605 4906 perfectionis
1634 4847 1658 4892 et
1696 4847 1789 4898 porum
1811 4841 1835 4888 et
1853 4849 1903 4888 nun
1925 4837 2143 4900 perimitur‚sivo
2162 4839 2256 4890 allecto
2274 4841 2331 4890 sir-o

347 4929 393 4980 861
418 4925 478 4978 d.i
1021 4929 1260 4994 supererogationis
1278 4929 1307 4980 lli
1327 4929 1377 4980 660
1395 4943 1407 4980 9
1427 4943 1476 4994 999,
1499 4927 1657 4980 9*-19ο99
1696 4937 1806 4988 corpore
1830 4929 1983 4990 separentur
2011 4925 2043 4976 99
2073 4925 2124 4976 676
2153 4923 2331 4980 9*-9999991

400 5043 433 5052 -
453 5017 547 5068 9999199
566 5015 686 5068 convenit
700 5013 840 5066 mortalitas
854 5015 884 5064 lli
902 5013 935 5064 78
956 5011 983 5064 3*
1022 5015 1181 5082 martyribus
1205 5005 1244 5068 est
1272 5019 1502 5084 999-9199999999
1527 5031 1585 5070 earn
1610 5031 1658 5070 vo·
1696 5013 1820 5064 unionem
1837 5001 2000 5078 animorum,
2020 5027 2071 5064 non
2090 5015 2192 5082 primo,
2211 5015 2259 5066 sed
2277 5029 2330 5068 ma·

344 5117 448 5156 -non
469 5105 687 5156 tuitimmaoisa
710 5101 983 5156 mortalitates
1021 5107 1131 5158 tuntarie
1158 5105 1337 5158 sustinuerunt
1363 5109 1390 5158 et
1418 5113 1478 5160 ante
1507 5111 1611 5172 tempus
1640 5105 1657 5158 ll
1696 5099 1735 5164 gis
1755 5099 1869 5154 uniendo
1888 5099 1921 5152 lV
1942 5101 1991 5152 668
2014 5097 2148 5166 t*—per
2166 5115 2330 5170 consequens

347 5223 377 5232 -
400 5193 489 5244 habuit
518 5193 635 5244 debitum
664 5193 757 5246 mortis
775 5193 802 5244 ill
823 5193 855 5244 66
875 5193 894 5244 9.
914 5191 928 5242 9
947 5219 983 5230 -
1022 5195 1073 5246 800
1094 5193 1154 5246 99
1609 5229 1610 5232 9
1695 5191 1778 5254 magis
1803 5191 1859 5240 unit
1888 5201 1948 5240 curn
1975 5189 2029 5240 Deo
2048 5187 2109 5244 ibid.
2129 5189 2179 5240 669
2201 5187 2229 5242 3*
2249 5217 2282 5228 -
2301 5191 2329 5244 nt

346 5293 398 5334 non
416 5289 456 5332 est
474 5293 548 5344 passa
568 5285 594 5332 et
612 5289 714 5332 mortua
733 5293 781 5344 pro
800 5281 883 5332 salute
907 5293 983 5346 gene·
1073 5311 1108 5322 -
1127 5283 1269 5334 efficaciam
1286 5281 1365 5334 hahet
1385 5295 1398 5334 a
1422 5283 1545 5346 passione
1565 5281 1657 5334 Christi
1696 5289 1743 5340 091
1763 5279 1884 5328 unionem
1903 5277 2001 5328 0010118
2019 5277 2051 5328 lV
2072 5277 2158 5328 6991.
2179 5279 2195 5328 3

344 5373 380 5422 ris
400 5369 505 5420 humani
525 5367 587 5422 ibid.
606 5369 640 5420 67
659 5367 675 5420 b
1020 5373 1052 5424 99
1073 5371 1122 5424 909
1151 5367 1178 5422 9*
1197 5397 1231 5408 -
1250 5385 1329 5424 omne
1355 5369 1537 5424 denominatur
1562 5385 1577 5422 a
1601 5385 1657 5422 san·
1747 5391 1782 5404 ·-
1800 5367 1828 5418 ln
1846 5367 2013 5422 matrimonio
2030 5371 2070 5416 est
2087 5367 2201 5418 maxima
2220 5367 2281 5418 tinio
2295 5367 2329 5420 99

399 5457 601 5520 -ltagdalena
626 5459 772 5520 9999999199
794 5457 982 5522 9991099991-
1020 5463 1098 5526 99999
1117 5459 1152 5510 99
1176 5457 1227 5508 990
1252 5457 1324 5510 b-
1347 5457 1416 5510 ileos
1444 5459 1568 5522 llartyres
1592 5473 1658 5510 nun·
1695 5451 1746 5502 759
1767 5453 1782 5504 i.
1804 5451 1830 5504 9.
1847 5453 1899 5506 839
1919 5451 1937 5502 1.
1955 5451 1980 5502 1.
2000 5451 2051 5502 677
2075 5453 2128 5504 ii
2147 5481 2181 5492 -
2201 5455 2260 5508 99911
2277 5469 2331 5508 ma-

345 5543 421 5596 nibus
440 5545 459 5594 ll
479 5543 563 5594 9599
588 5543 650 5596 Vide
671 5543 699 5596 V.
721 5543 891 5612 Mapaateaa.
1019 5561 1099 5616 quam
1119 5547 1239 5598 liberavit
1259 5561 1274 5598 9
1292 5559 1377 5610 99999
1397 5547 1489 5610 gladii,
1514 5547 1575 5612 quia
1594 5547 1657 5598 hauc
1694 5541 1790 5592 6110910
1806 5541 1929 5592 urionem
1943 5541 2087 5592 secundum
2101 5543 2327 5612 significationem,

399 5631 683 5682 bilarinus—meruit
696 5635 845 5696 praemium
863 5631 981 5702 substan·
1018 5643 1056 5688 est
1076 5633 1225 5686 immediate
1250 5635 1351 5686 amalo
1377 5633 1511 5684 voluntate
1529 5635 1655 5698 hominis,
1694 5627 1739 5678 sed
1760 5629 1904 5682 secundum
1924 5641 1980 5680 rem
2000 5631 2082 5682 maior
2100 5637 2140 5682 est
2159 5635 2220 5684 unio
2240 5647 2331 5698 paren·

344 5719 403 5772 tiale
422 5719 550 5780 martyrii,
576 5719 703 5784 quodest
725 5733 804 5770 aurea
828 5721 845 5770 li
871 5721 923 5770 997
944 5717 980 5772 ’1*,
1018 5735 1098 5790 qoam
1117 5721 1187 5772 Deus
1207 5733 1257 5772 non
1277 5717 1657 5786 impeditiiiid.sa.·-Quo·
1694 5719 1748 5766 tum
1768 5723 1791 5766 et
1811 5717 1922 5768 tiliorum
1943 5717 1974 5769 91*
1995 5717 2045 5770 809
2067 5717 2094 5772 9*

344 5809 375 5860 99
409 5805 460 5858 757
491 5805 508 5858 b
536 5833 573 5844 -
601 5807 714 5870 perlecta
742 5809 848 5858 caritate
878 5805 981 5858 deside·
1018 5811 1089 5860 niam
1110 5811 1206 5872 liurtyr
1224 5807 1279 5860 Deo
1298 5807 1476 5872 obtemperat,
1496 5807 1530 5860 ad
1548 5809 1656 5860 manite-
1745 5831 1780 5844 -
1799 5807 1827 5856 99
1846 5807 2011 5858 matrimonio
2029 5809 2330 5874 estvinculumperma·

344 5909 405 5950 rans
431 5895 542 5946 monem
568 5907 620 5966 non
648 5895 779 5946 recusarit
806 5895 921 5946 laborem
952 5895 979 5946 911
1018 5899 1155 5948 stationem
1174 5895 1279 5946 divinae
1298 5893 1419 5946 honitatis
1446 5901 1470 5946 et
1498 5895 1524 5946 in
1544 5897 1655 5948 testimo·
1694 5907 1770 5960 nens,
1799 5909 1846 5958 per
1874 5895 1946 5962 qnod
1971 5895 2067 5960 ligatur
2092 5899 2135 5948 vir
2160 5903 2187 5948 et
2214 5899 2325 5964 mutter,

345 5983 396 6036 659
416 5985 441 6036 9.
464 5985 477 6036 6
1019 5985 1091 6036 nium
1109 5997 1172 6036 strar
1191 5985 1295 6034 virtutis
1313 5985 1337 6034 ei
1356 5981 1539 6046 obtemperant
1558 5991 1656 6036 creatu·
1693 5989 1841 6036 transeunte
1870 5985 2052 6036 coniunctione
2080 5987 2164 6060 primo
2193 5987 2259 6038 lacta
2281 6001 2330 6050 per

397 6075 536 6124 llsnrrnes
552 6073 688 6124 —tentati
707 6081 766 6124 suat
780 6087 827 6136 per
845 6073 981 6136 passiones
1017 6087 1061 6126 rae
1081 6077 1218 6138 operantes
1237 6085 1285 6134 999
1303 6063 1422 6122 netu'ram
1443 6069 1506 6124 ibid,
1691 6073 1803 6126 uerbum
1824 6073 1937 6126 exterius
1955 6075 1997 6126 vol
2017 6087 2064 6138 prr
2077 6075 2229 6126 exteriorem
2243 6081 2328 6126 actum

344 6161 377 6216 ob
397 6163 484 6224 impiis
503 6161 557 6212 zelo
577 6159 706 6214 diabolico
725 6161 840 6212 excitatis
861 6161 942 6212 illatas
962 6160 980 6211 ll
1069 6189 1105 6200 —
1124 6153 1214 6212 'blutier
1235 6173 1286 6210 nun
1304 6165 1389 6222 protest
1410 6159 1538 6224 impedire
1557 6169 1655 6228 marty·
1693 6163 1794 6216 99676
1815 6177 1830 6216 9
1853 6161 2004 6214 -9199199
2032 6163 2179 6214 9999999119
2207 6163 2331 6216 9991999

344 6249 395 6300 536
419 6249 435 6300 b
456 6249 710 6314 -experiebantur
733 6249 852 6300 dolorem
879 6251 906 6300 in
931 6255 981 6300 tor·
1018 6253 1087 6302 rium
1105 6249 1155 6300 uiri
1174 6249 1215 6300 sui
1233 6247 1268 6300 99
1286 6247 1335 6298 731
1358 6245 1389 6298 9*
1693 6251 1803 6302 feminae
1823 6251 1863 6302 rel
1884 6251 1982 6302 ratione
2002 6255 2076 6302 actus
2094 6251 2266 6316 transeuntis,
2285 6251 2329 6304 rel
2423 6261 2425 6268 ·

343 6339 447 6402 mentis,
468 6337 512 6390 sed
528 6339 668 6390 constantia
688 6339 783 6390 tuentis
795 6351 846 6390 non
866 6351 980 6390 connno·
1070 6339 1125 6390 hirs
1143 6365 1177 6378 -
1201 6333 1263 6390 Vide
1286 6335 1316 6388 V.
1341 6333 1398 6388 Vir.
1692 6339 1788 6392 vinculi
1808 6339 1983 6402 permanentis
2002 6337 2064 6390 ibid.

344 6425 453 6480 rebatur
472 6427 499 6478 lll
520 6425 570 6478 397
590 6423 618 6478 9*
631 6429 802 6480 —sustinent
821 6441 980 6492 poenasve·
1070 6453 1105 6468 --
1125 6425 1294 6478 llasculinum
1313 6421 1371 6476 uide
1395 6423 1422 6474 V.
1443 6423 1542 6480 Genus.
1744 6425 1883 6480 -Causa
1902 6425 2018 6480 sarmatis
2036 6429 2195 6480 matrimonii
2213 6433 2253 6480 est
2271 6441 2331 6480 con-

343 6517 438 6568 laniate
458 6519 608 6580 acceptante
633 6517 652 6566 lt
672 6513 723 6568 896
742 6529 766 6566 a.
786 6515 819 6568 99
839 6515 889 6568 599
909 6531 923 6566 9
944 6543 980 6554 -
1070 6517 1333 6568 bttsrtctrto-est
1352 6511 1385 6564 de
1409 6513 1554 6578 integritate
1580 6529 1655 6568 men·
1691 6517 1787 6568 iunctio
1807 6515 1941 6568 maritalis
1967 6515 2001 6564 iV
2029 6515 2081 6568 689
2110 6515 2165 6568 d.i
2190 6515 2329 6570 —Causa

343 6587 478 6656 Passiones
496 6603 638 6668 blartyrnm
651 6611 725 6656 erant
743 6617 857 6668 poenae,
870 6603 917 6656 sed
931 6619 980 6668 per
1017 6605 1163 6658 durationis
1179 6603 1212 6656 19
1226 6603 1278 6654 903
1296 6601 1363 6654 b-
1374 6607 1413 6652 est
1424 6603 1588 6672 specierum,
1601 6619 1652 6658 non
1690 6605 1805 6656 turmalis
1825 6609 1863 6656 est
1881 6603 2029 6670 vinculum,
2048 6607 2073 6656 in
2093 6619 2147 6670 quo
2175 6611 2214 6658 est
2238 6611 2328 6656 mutua

342 6691 501 6744 voluntatem
522 6691 617 6744 lichant
629 6693 778 6746 meritoriae
793 6693 811 6744 il
833 6691 883 6744 599
905 6689 932 6744 1*
944 6719 979 6732 -
1016 6695 1135 6758 corporis
1154 6691 1246 6744 Christi
1267 6693 1322 6742 reri
1337 6689 1368 6740 lV
1383 6687 1434 6740 989
1449 6687 1476 6740 3*
1489 6693 1655 6756 *spiritua
1690 6699 1803 6756 potestas
1823 6693 1873 6746 viri
1892 6699 1916 6744 et
1936 6695 2023 6744 uxoris
2041 6693 2076 6746 99
2093 6693 2146 6744 769
2165 6707 2180 6744 9

342 6779 489 6834 Persecutio
508 6783 618 6834 exterior
637 6795 687 6834 nou
708 6781 786 6834 eillcit
798 6781 900 6848 aliquid
918 6783 979 6834 inte·
1016 6783 1047 6834 lis
1058 6789 1099 6834 est
1116 6781 1269 6846 recogitatio
1283 6777 1333 6832 cibi
1352 6791 1400 6842 per
1418 6777 1497 6830 iidem
1513 6779 1544 6832 lV
1559 6781 1609 6834 903
1624 6781 1652 6848 b,
1744 6809 1778 6820 -·
1796 6777 1944 6852 appellatur
1962 6783 2115 6846 coniugium
2134 6779 2279 6834 secundum
2299 6779 2327 6832 id

343 6867 475 6930 rius,sed
494 6869 582 6932 potius
599 6871 690 6934 recipit
710 6867 851 6922 bonitatem
864 6867 899 6922 ab
917 6871 979 6922 inte·
1017 6867 1054 6922 9*.
1076 6869 1207 6922 91991
1489 6857 1491 6864 ’
1692 6871 2119 6936 9999991,999099999999,99
2134 6881 2187 6936 quo
2205 6876 2328 6936 apparet,
