5792 8392
342 641 409 708 979
1081 659 1083 702 2
1172 641 1296 710 rnbtx·
1313 639 1513 708 SECUNDUS¹
1579 647 1592 706 ,’

655 731 709 786 999
1978 725 2050 780 ‚rtis

344 820 463 884 expulsio
480 819 630 872 attribuitur
641 819 848 874 uirtutidininee
860 821 948 884 primo
960 821 984 870 et
1022 831 1074 870 non
1092 827 1122 868 se
1140 819 1290 882 praeparat,
1309 825 1374 866 ‘non
1400 815 1472 882 quod
1493 827 1545 866 non
1565 817 1659 882 possit,
1697 821 1791 876 -cst
1811 815 2097 870 rectitudovoluniatis
2115 817 2223 880 propter
2241 827 2268 866 se
2288 827 2339 866 scr·

342 915 397 974 per
411 923 457 974 se,
473 913 498 960 et
517 909 613 972 gratiae
634 907 824 960 etcontritioni
842 919 891 972 per
913 905 982 958 iliam
1022 905 1154 969 sedtquia
1167 905 1263 956 iustitia
1280 905 1320 956 sic
1339 903 1457 956 decrerit
1474 905 1509 956 Ν
1526 901 1578 966 698
1591 903 1659 954 ,(9.3
1697 907 1758 958 rata
1774 903 1795 956 ll
1816 903 1867 956 963
1886 905 1901 956 9.
1923 905 1938 956 9
1956 929 1957 932 =

342 995 378 1048 Ν
398 995 450 1048 395
468 993 609 1054 art-„est
631 995 752 1048 effective
770 995 871 1058 abeo,
893 995 984 1046 torma·
1032 1033 1034 1038 .
1076 1019 1110 1032 -
1130 991 1198 1044 Deus
1224 1003 1276 1044 non
1306 989 1425 1042 iustificat
1445 1003 1492 1042 nos
1511 991 1569 1042 sine
1585 989 1661 1042 nobis
1750 1017 1787 1028 -
1806 991 1909 1058 Aliquid
1929 995 1968 1046 est
1988 995 2083 1046 iustum
2100 1005 2150 1058 per
2168 991 2289 1044 iustitiam
2303 991 2338 1040 in·

345 1085 434 1136 litera
455 1085 537 1148 gratia
551 1083 651 1136 999888
669 1099 695 1136 9.
712 1083 747 1136 Ν
767 1079 817 1134 999
837 1079 912 1134 9*-
932 1093 982 1134 999
1022 1079 1055 1132 Ν
1076 1077 1127 1130 990
1146 1079 1162 1130 i.
1189 1081 1209 1130 i.
1229 1079 1320 1132 9669.
1338 1079 1363 1144 3,
1383 1075 1411 1130 3*
1430 1107 1464 1116 -
1485 1079 1554 1130 Deus
1574 1077 1661 1130 iustih·
1698 1079 1845 1142 trinsecam,
1865 1077 2337 1136 velexordineretributionisl8ii

341 1169 429 1224 solum
462 1171 570 1236 respicit
597 1183 705 1224 causam
736 1171 909 1234 efficientem,
938 1167 984 1220 sed
1022 1175 1130 1220 catnos
1147 1169 1203 1220 sine
1226 1163 1305 1218 nobis
1331 1165 1518 1232 allicientibus,
1536 1167 1581 1220 sod
1610 1179 1660 1218 non
1695 1163 1812 1218 9*...896
1836 1163 2031 1234 9*--09999,
2058 1169 2130 1234 qnod
2154 1175 2193 1220 est
2211 1169 2278 1220 iuste
2298 1181 2337 1220 or·

344 1257 422 1310 eiiam
442 1247 582 1310 formalem
597 1267 706 1326 propter
722 1267 873 1324 respectum
887 1255 918 1310 ad
934 1269 985 1308 ma·
1022 1257 1078 1308 sine
1096 1255 1172 1308 nohis
1192 1253 1392 1320 disponentibus
1416 1255 1457 1306 vel
1484 1255 1662 1308 consentienti·
1700 1253 1819 1306 dinatum
1838 1265 1885 1316 per
1909 1253 2048 1322 iustitiam,
2069 1271 2143 1322 quae
2162 1261 2200 1310 est
2219 1255 2337 1320 inipso,

339 1347 437 1400 ”teriam
456 1345 602 1400 subiectam·
626 1349 658 1402 Ν
679 1347 727 1400 999
751 1345 833 1410 9*-
851 1347 911 1412 qnia
931 1357 984 1396 non
1021 1343 1074 1394 bus
1092 1343 1131 1394 Ν.
1154 1343 1202 1394 999
1232 1339 1261 1394 9*
1281 1355 1388 1394 -non
1407 1343 1512 1394 estnisi
1535 1343 1660 1408 uolentis,
1700 1341 1800 1394 honum
1824 1341 1897 1392 esti
1924 1339 2078 1396 8969-
2100 1343 2149 1398 late
2176 1351 2338 1398 sumtacon·

344 1441 432 1488 estex
448 1435 600 1502 nihilo,sed
614 1433 808 1490 alicuiusentis
827 1433 1002 1496 melioratio,
1022 1445 1071 1484 nec
1089 1431 1158 1484 Deus
1178 1443 1235 1484 eam
1262 1429 1306 1484 dat
1325 1431 1504 1496 nisivoienti‚
1530 1431 1594 1484 dum
1624 1437 1679 1506 est,-
1698 1431 1770 1484 uenil
1789 1441 1849 1482 cum
1869 1429 1978 1482 veritate
1997 1429 2082 1496 quoad
2104 1445 2173 1500 rem,
2191 1433 2238 1486 sed
2252 1433 2338 1484 diilert

345 1535 398 1576 non
416 1523 503 1576 solnm
523 1523 600 1578 habet
630 1535 735 1578 cansam
759 1523 918 1584 9999909999,
940 1517 986 1572 999
1022 1521 1048 1570 99
1067 1519 1118 1580 9999.
1130 1523 1209 1584 statu,
1229 1517 1300 1586 quod
1320 1519 1464 1572 consentire
1483 1525 1509 1572 et
1526 1511 1679 1574 dissentire
1698 1517 1845 1572 sectrndum
1865 1521 2001 1580 respectus
2018 1517 2115 1570 adres
2132 1519 2140 1568 l
2160 1521 2211 1572 760
2228 1521 2278 1574 rii
2303 1547 2339 1560 --

346 1613 423 1664 etiam
440 1603 1003 1676 dispositivametinformativamillul*·
1023 1607 1105 1672 possit
1125 1605 1157 1660 99.
1178 1621 1193 1660 9
1216 1605 1316 1670 -Qui
1333 1607 1423 1670 incipit
1441 1607 1619 1676 iacere-quod
1636 1601 1679 1678 inf
1699 1607 1902 1674 respicitunem
1922 1619 1977 1658 rem
1997 1611 2175 1670 comparatam
2195 1607 2231 1660 ad
2252 1607 2338 1672 etiams,
2375 1657 2376 1662 ,
2412 1643 2415 1648 -

343 1747 344 1750 ,
399 1717 437 1738 -’
454 1703 501 1754 Per
519 1701 644 1764 Spiritum
667 1689 786 1750 sancium
817 1697 987 1762 purificantur
1023 1709 1052 1748 se
1071 1699 1121 1762 est,
1142 1695 1285 1760 dispositus
1298 1703 1335 1748 est
1355 1695 1389 1746 ad
1406 1695 1616 1750 iustificationem
1630 1697 1662 1748 Ν
1699 1699 1741 1750 cui
1757 1709 1806 1760 per
1823 1695 1894 1760 leges
1915 1691 2015 1746 debitas
2034 1693 2172 1758 colligatur
2188 1691 2250 1748 ibid.
2269 1697 2339 1748 -Α

344 1789 453 1844 animae
467 1789 534 1838 sicut
551 1801 600 1850 per
625 1799 730 1838 causam
759 1785 987 1850 effectivam,.per
1024 1781 1076 1846 397
1094 1797 1109 1836 9
1129 1781 1379 1848 -’·Ἰ)9999999996
1397 1783 1662 1840 99999999999999999-
1698 1795 1804 1836 summa
1828 1783 1989 1836 lustitiaest
2010 1781 2102 1848 regula
2127 1783 2213 1834 omnis
2238 1785 2301 1836 iuris
2319 1783 2338 1834 ll

346 1875 476 1928 Christum
496 1881 689 1940 tanquarnper
707 1885 814 1928 causam
827 1873 1002 1926 meritoriam?
1023 1877 1164 1924 strumosi
1184 1885 1243 1926 cum
1262 1869 1391 1922 adiutorio
1411 1871 1454 1926 Dei
1474 1873 1509 1926 Ν
1526 1873 1561 1924 99
1581 1871 1625 1922 9*.
1699 1871 1788 1924 6939
1809 1897 1842 1910 -
1862 1873 1962 1924 Veritas
1981 1873 2091 1924 iustitiae
2116 1875 2154 1922 est
2174 1875 2301 1938 perpetua
2319 1871 2337 1922 ll

344 1965 375 2018 lli
395 1963 448 2016 965
466 1959 987 2016 3*-9999999999999999999999997999-
1022 1993 1024 2000 ,
1077 1987 1112 1998 -
1130 1973 1145 2012 a
1163 1961 1241 2024 culpa
1259 1965 1314 2012 acta
1337 1961 1447 2026 requirit
1472 1969 1560 2012 acirim
1588 1959 1662 2012 liberi
1700 1957 1752 2012 969
1771 1957 1824 2010 il
1917 1975 1920 1980 ·
1978 1977 1980 1980 ·
2084 1989 2085 1992 =
2158 1981 2159 1986 ¹
2247 1973 2258 2008 ᾳ

347 2053 381 2104 stt
407 2049 557 2104 attribuitur
577 2051 717 2104 causalitas
742 2057 844 2102 nostroe
862 2051 988 2108 iustihca-
1023 2047 1123 2100 arbitrii
1151 2049 1185 2100 Ν
1214 2048 1265 2100 999
1295 2045 1323 2100 9*
1340 2049 1677 2100 -999999999999999
1729 2073 1789 2096 ,-
1806 2045 1863 2096 Non
1881 2047 2001 2100 habentia
2021 2049 2182 2102 voluntatem
2201 2063 2252 2102 non
2278 2051 2339 2100 sunt

346 2141 423 2194 tionis
443 2153 493 2192 non
515 2145 541 2192 ut
561 2137 820 2204 veraecausae,sed
839 2137 986 2190 secundnm
1023 2137 1168 2202 peccatoris
1196 2137 1335 2204 requiritur
1365 2135 1462 2190 arbitrii
1482 2135 1662 2188 libertasnon
1700 2133 1826 2200 capabilia
1848 2135 1959 2186 iustitiae
1979 2135 2338 2192 1798it5-estlibere

344 2227 480 2294 quandam
502 2241 605 2280 ,causae
617 2245 618 2248 ¹
632 2229 819 2294 proprietatem
843 2225 879 2276 iii.
898 2225 951 2276 900
968 2225 1001 2278 9
1021 2225 1109 2278 solnm
1130 2231 1256 2292 qnantum
1270 2225 1304 2276 a'd
1318 2225 1474 2288 facultatem,
1490 2223 1534 2276 scd
1549 2225 1581 2276 ad
1595 2223 1679 2276 bene·
1699 2223 1851 2288 egentislV
1872 2219 1918 2272 999
1943 2219 1972 2272 3*
1991 2249 2025 2262 -
2045 2225 2140 2288 lustum
2164 2233 2188 2278 ct
2213 2227 2338 2276 iniustum

343 2315 413 2370 ¹little
437 2315 465 2368 V.
477 2313 600 2368 carisius
610 2311 662 2370 59.
678 2343 712 2354 -
723 2313 876 2367 attribuitur
893 2313 987 2366 Christi
1023 2327 1081 2366 csse
1099 2315 1179 2366 etiam
1198 2327 1262 2367 usus
1278 2313 1416 2378 expeditus
1430 2313 1461 2366 Ν
1478 2313 1531 2366 698
1553 2313 1578 2366 9.
1598 2313 1614 2364 3
1629 2339 1662 2350 -
1676 2299 1677 2302 ’
1700 2323 1752 2364 non
1771 2311 1938 2376 cognoscitur
1956 2311 2004 2362 nisi
2023 2313 2208 2374 patrationem
2225 2315 2241 2366 il
2254 2313 2338 2366 6939)

346 2405 462 2468 passioni
486 2403 664 2468 principaliter
693 2405 790 2457 ratione
821 2405 919 2468 meriti,
941 2401 986 2456 sed
1025 2401 1198 2454 Decedentcm
1223 2405 1249 2454 in
1273 2405 1381 2466 peccato
1409 2401 1541 2454 9999999999
1561 2407 1599 2454 est
1619 2403 1698 2472 99-ῚῚ
1754 2397 2012 2450 -99999999999999
2035 2399 2162 2452 9999999999
2180 2401 2205 2450 99
2226 2401 2337 2452 alterum

341 2493 468 2544 mortiet
497 2491 680 2544 resurrectioni
705 2493 804 2544 ratione
824 2489 1003 2554 significatio-²
1025 2489 1149 2558 possibile
1167 2489 1231 2544 itin.
1279 2535 1281 2540 .
1699 2487 1845 2540 secundum
1874 2487 1963 2540 merite
1992 2485 2022 2540 Ν
2045 2489 2096 2540 963
2117 2485 2145 2540 9*
2165 2517 2198 2526 -
2218 2493 2340 2542 connotat

347 2581 389 2632 999
406 2579 440 2632 Ν
453 2579 492 2632 60
513 2579 538 2632 d.
557 2577 717 2632 9-69999
737 2579 924 2630 iustificationis
942 2589 1003 2642 per'
1077 2607 1114 2618 -
1137 2579 1177 2630 rid
1205 2577 1392 2630 iustificationis
1415 2579 1608 2646 susceptionem
1637 2581 1662 2630 99
1700 2575 1880 2628 habitudinem
1900 2575 1934 2628 ad
1958 2579 2079 2630 meritum
2100 2577 2133 2630 Ν
2150 2579 2201 2628 968
2223 2576 2284 2631 dcii
2303 2603 2339 2616 -

343 2667 458 2722 modum
485 2669 609 2720 merentis
635 2675 659 2720 et
687 2669 820 2722 excitantis
838 2675 879 2726 est
895 2669 988 2732 passio
1025 2668 1113 2720 adulto
1132 2669 1272 2736 requiritur
1292 2673 1379 2720 motus
1397 2667 1470 2740 liberi
1484 2667 1582 2720 arbitri
1602 2681 1663 2722 con·
1697 2663 1759 2718 iecit
1777 2663 1924 2716 secundnm
1947 2667 2041 2718 metita
2066 2665 2102 2718 Ν
2121 2665 2248 2732 969999.
2268 2665 2284 2716 3
2303 2693 2339 2704 -

347 2755 442 2810 Christi
461 2757 489 2810 ill
511 2755 561 2810 999
586 2757 612 2810 9.
633 2757 656 2824 9,
677 2757 748 2808 2-
766 2755 793 2808 99
820 2771 867 2822 per
891 2753 1002 2822 passio?
1025 2759 1156 2810 sentientis
1175 2759 1271 2822 gratiae
1283 2757 1319 2810 Ν
1332 2755 1379 2808 999
1402 2771 1416 2810 9
1438 2771 1476 2824 99.
1494 2783 1529 2802 -·
1541 2757 1580 2810 99
1593 2759 1677 2810 iusti-2
1700 2751 1819 2806 retribuit
1835 2753 1979 2820 unicuique
1992 2753 2137 2806 secundnm
2151 2757 2242 2808 merita
2254 2753 2333 2804 99699

347 2859 408 2898 nem
427 2843 521 2900 Christi
538 2847 717 2900 coniunctam¹
733 2845 836 2898 animae
860 2849 988 2912 quantum
1025 2845 1173 2900 ficationem
1193 2847 1332 2912 requiritur
1352 2849 1440 2898 motus
1457 2845 1517 2900 iidei
1532 2843 1569 2900 99.
1588 2845 1607 2898 b
1627 2873 1663 2884 —
1699 2843 1727 2896 d.
1746 2843 1761 2894 9
1781 2843 1986 2910 -considerat
2009 2841 2163 2908 dignitatem
2184 2845 2340 2898 meritorum

347 2933 541 2988 adotiicaciam
569 2935 699 2986 mediante
723 2933 849 2998 fide-per
877 2933 987 2986 dilectio·
1025 2935 1086 2986 Sine
1104 2933 1156 2988 999
1177 2933 1268 2988 Christi
1281 2933 1370 2988 nuilus
1386 2933 1540 2988 instificetur
1559 2933 1656 2988 99359
1699 2933 1734 2984 Ν
1749 2931 1797 2984 969
1815 2945 1871 2996 arg.
1883 2933 1909 2996 3,
1924 2929 2117 2998 3*-resplcit
2129 2933 2250 2988 meritum
2266 2945 2339 2996 pme·

346 3035 408 3076 nem
429 3021 522 3075 999909
546 3021 584 3074 55
604 3021 654 3074 999
675 3023 702 3074 9.
721 3023 737 3074 9
794 3037 795 3040 ’
850 3065 852 3070 .
1024 3037 1093 3074 9-
1112 3029 1140 3076 99
1159 3023 1220 3076 dicit
1239 3023 1350 3074 iustitiae
1371 3023 1542 3088 inlusionem,
1565 3023 1593 3074 99
1611 3037 1677 3088 per
1699 3023 1752 3074 cise
1770 3019 1805 3072 Ν
1824 3017 2126 3074 969-’9999999999
2138 3021 2292 3086 dignitatem
2305 3021 2338 3074 Ν

346 3155 347 3158 ,
399 3115 492 3162 -cst
511 3113 688 3176 pergratiam
707 3109 725 3158 li
751 3107 801 3162 955
822 3107 849 3160 9*
872 3137 901 3148 -
921 3109 987 3162 Nihil
1024 3111 1103 3164 iidem
1118 3113 1260 3176 propriam,
1280 3111 1322 3164 vei
1340 3111 1470 3164 Ecclesiae
1492 3113 1509 3164 ll
1528 3111 1578 3164 699
1599 3113 1662 3164 93
1699 3107 2338 3174 9999-9999999999999999999999699999.

348 3199 408 3250 iacit
426 3199 539 3264 iustum,
562 3181 610 3250 nisi
630 3197 663 3248 sit
683 3197 825 3260 gratuitum
842 3197 862 3248 ll
879 3197 928 3248 959
942 3197 957 3248 i.
972 3197 982 3246 9
1022 3225 1060 3252 -,-
1072 3201 1097 3248 99
1118 3203 1191 3250 utero
1209 3203 1296 3262 potest
1314 3197 1369 3248 lieri
1388 3211 1437 3262 per
1453 3199 1615 3252 voluntatem
1628 3197 1679 3250 di·v
1700 3197 1755 3248 963
1770 3209 1829 3260 999.
1847 3197 1857 3246 9
1955 3221 1956 3226 1
2326 3239 2332 3242 ,,

347 3295 453 3338 -non
472 3285 502 3338 99
513 3287 569 3338 sine
586 3285 715 3338 inlusione
741 3285 839 3350 gratiae
858 3287 880 3338 ll
896 3285 949 3338 676
962 3277 1002 3338 9.
1023 3287 1128 3350 vinum,
1152 3291 1222 3338 extra
1250 3291 1353 3338 uterum
1377 3299 1428 3350 per
1451 3287 1618 3342 Sacramenta
1636 3277 1678 3340 et'
1697 3319 1704 3324 ..
1750 3287 1839 3334 -est
1857 3285 1881 3336 in
1895 3281 1996 3338 (lirinis
2012 3285 2190 3352 operibus,.in
2210 3291 2339 3354 quantum

341 3371 399 3426 677
418 3371 456 3426 di.
475 3373 504 3424 lil
524 3371 576 3424 900
600 3371 988 3438 arg.3-;iniormative³est
1024 3373 1104 3426 iidem
1124 3375 1260 3440 Ecclesiae,
1274 3375 1299 3426 in
1313 3373 1401 3428 adulto
1420 3377 1498 3428 etiam
1515 3389 1565 3440 per
1582 3375 1662 3428 tidem
1696 3371 1946 3438 retributamerenti
1966 3371 2340 3428 tractu-mariniani·-

347 3463 477 3528 agratio,
499 3461 651 3524 dispositive
670 3473 687 3512 a
704 3461 879 3514 sacramentis
895 3461 930 3514 Ν
954 3461 988 3512 99
1024 3467 1052 3514 et
1064 3461 1231 3518 devotionem
1244 3463 1379 3528 propriam
1397 3463 1431 3518 Ν
1457 3461 1509 3516 950
1533 3463 1608 3518 b—
1624 3471 1664 3518 est
1699 3463 1900 3524 citnrrespectu
1915 3463 2340 3514 acinum'etmeritornmnostro·

341 3547 378 3602 t*
395 3579 431 3590 —
450 3551 781 3616 perinlormationemest
802 3563 849 3614 per
869 3551 987 3614 virtutes,
1025 3551 1051 3602 99
1071 3551 1189 3616 parvulis
1207 3565 1257 3616 per
1274 3549 1354 3602 ildern
1375 3563 1426 3602 non
1445 3553 1663 3620 proprement
1700 3563 1760 3602 rum
1779 3549 1812 3602 Ν
1830 3547 2162 3614 edun-propriando
2180 3551 2340 3616 respicere.-

347 3653 396 3704 per
414 3641 645 3704 praeparationem
660 3653 710 3702 per
727 3637 947 3692 Sacramentaa'b.
959 3635 990 3692 9*
1025 3641 1153 3692 Ecclesiae
1176 3637 1263 3692 99698
1283 3639 1311 3692 d.
1330 3639 1364 3688 3ῚῚ
1585 3683 1586 3686 ,
1652 3679 1653 3682 ,
1700 3651 1759 3692 rum
1778 3639 1917 3702 originem,
1934 3635 2200 3692 sedretributionum
2216 3639 2340 3692 distribu-

347 3755 385 3768 -
401 3727 543 3794 aliquando
563 3727 655 3780 dicitur
675 3727 729 3780 lieri
744 3727 930 3794 pergratiam,
946 3727 989 3780 ali·
1046 3771 1050 3782 .
1076 3733 1160 3782 -ut
1180 3729 1242 3782 99999
1258 3729 1465 3790 exercitationem
1487 3731 1511 3782 in
1530 3731 1625 3782 iustitia
1638 3737 1665 3784 et
1700 3729 1798 3782 tionem
1815 3727 1834 3778 ll
1855 3725 1906 3778 773
1926 3739 1939 3776 9
1958 3755 1994 3764 -
2012 3727 2039 3776 99
2058 3725 2112 3778 Deo
2124 3727 2192 3780 ,dicit
2214 3729 2338 3780 effluxum

348 3815 456 3882 quando
477 3829 526 3878 per
550 3815 649 3882 fidem,
672 3813 813 3882 aliquando
832 3827 881 3878 per
897 3815 989 3880 poeni·
1024 3819 1170 3884 proiectum
1189 3817 1314 3884 iustitiae,
1331 3831 1383 3870 non
1397 3817 1431 3872 ,iit
1449 3819 1565 3882 nisiper
1583 3821 1662 3872 tidem
1700 3815 1822 3870 bonitatis
1839 3815 1866 3866 in
1883 3815 1948 3868 alios
1962 3817 2017 3868 sine
2033 3815 2119 3868 debito
2132 3817 2166 3866 Ν
2185 3817 2237 3870 969
2250 3815 2288 3882 9*,
2308 3815 2338 3868 9.*

347 3905 456 3960 tentiam
473 3905 494 3956 ll
513 3901 567 3956 699
586 3903 613 3956 9.
632 3905 646 3956 3
670 3947 671 3950 ,
812 3921 814 3926 ’
1023 3913 1176 3974 operantem
1196 3921 1244 3972 per
1261 3905 1426 3958 dilectionem
1444 3905 1461 3958 ll
1484 3905 1579 3960 6999.
1598 3905 1675 3960 3-
1700 3933 1737 3944 -
1753 3905 1862 3956 Attterre
1879 3917 1894 3956 9
1916 3905 1969 3956 Deo
1988 3907 2075 3956 acin-m
2094 3905 2204 3970 iustitiae
2224 3905 2340 3970 aequalis

401 4021 438 4042 -
456 4007 508 4046 non
526 3993 602 4046 cadit·
613 3991 663 4046 sub
683 3995 774 4046 merito
794 3991 927 4060 condigni,
940 3995 987 4058 sed
1023 3995 1163 4048 iustificare
1185 3995 1215 4046 in
1244 3995 1335 4046 ellectu
1366 3994 1458 4046 dicitnr
1487 3999 1591 4060 caritas,
1620 3999 1662 4050 vei
1699 3995 1797 4046 erroris
1821 3999 1862 4046 est
1878 3995 1945 4046 sicut
1964 3991 2065 4046 auierre
2084 3999 2171 4046 actum
2192 3995 2340 4048 misericor-

347 4081 595 4148 congruitate
626 4081 651 4136 9.
671 4079 687 4134 9
704 4109 742 4120 -
760 4083 870 4148 requirit
887 4087 1000 4150 tanturn¹
1024 4083 1087 4136 tides
1117 4097 1229 4148 operans
1253 4085 1476 4148 perennitatem,
1501 4085 1526 4136 in
1552 4087 1663 4138 iustitiae
1700 4083 1758 4144 diae
1776 4083 1797 4134 ll
1815 4079 1899 4138 9779
1922 4079 1985 4134 Vide
2006 4079 2037 4134 V.
2054 4079 2249 4138 Misericordia.
2282 4125 2283 4128 ,
2327 4119 2328 4122 ¹

340 4171 471 4222 umeritum
491 4171 599 4236 congrui
620 4169 652 4224 Ν
671 4171 705 4222 33
725 4169 886 4238 9-9999,
906 4185 1000 4238 ‹rtien-¹
1022 4171 1203 4224 exercitatione
1222 4169 1663 4226 etusumendatorumohserran·
1712 4201 1715 4208 ,
1751 4171 2020 4222 -communissimo
2046 4169 2140 4224 dicitur
2165 4171 2268 4224 divinae
2294 4171 2340 4224 bo-

346 4263 403 4314 lum
422 4264 461 4312 est
479 4259 512 4310 99
530 4271 574 4326 99,
594 4271 701 4322 semper
729 4263 893 4324 paratusest
917 4259 987 4312 iusti·
1022 4261 1056 4312 iia
1074 4259 1104 4310 ill
1132 4259 1183 4310 888
1211 4273 1236 4310 a.
1263 4259 1316 4310 889
1334 4255 1365 4310 6*
1382 4285 1419 4298 -
1444 4261 1554 4328 requirit
1571 4269 1660 4314 ectum
1698 4259 1790 4310 nitatis
1809 4257 1991 4324 condecentia,
2014 4259 2189 4312 communiter
2217 4273 2282 4312 vero
2309 4261 2340 4310 li-

347 4347 426 4400 99999
445 4347 625 4410 hominemill
638 4345 691 4400 990
708 4349 725 4400 9.
740 4349 805 4400 3-
818 4347 892 4412 Quod
907 4349 999 4402 homo,
1022 4347 1083 4400 ildei
1103 4361 1133 4400 cx
1160 4351 1235 4412 parte
1260 4347 1368 4400 rationis
1394 4351 1420 4398 et
1444 4349 1606 4402 contritionis
1631 4363 1663 4402 ex
1691 4345 1820 4400 beralitas
1849 4347 1881 4398 in'
1902 4345 2072 4410 retributione
2101 4349 2279 4412 praemiorum
2305 4349 2340 4400 Ν

344 4435 500 4490 iustificetur
517 4449 585 4488 nuno
604 4443 631 4490 et
648 4449 701 4488 non
720 4437 808 4502 prius,
827 4449 880 4486 non
897 4439 988 4490 estse·
1022 4439 1095 4502 parte
1115 4435 1254 4490 uoluntatis
1271 4435 1306 4486 Ν
1325 4433 1372 4485 999
1394 4433 1422 4486 h.
1442 4433 1492 4488 999
1513 4433 1551 4488 9*.
1575 4435 1626 4490 930
1641 4433 1662 4490 'a
1698 4435 1785 4488 9699
1805 4463 1839 4472 -
1859 4435 1953 4488 dicitur
1973 4435 2075 4488 divinae
2095 4435 2217 4490 bonitatis
2240 4437 2337 4490 conde·

346 4523 464 4578 cundum
484 4525 652 4578 variationem
674 4539 704 4578 er
722 4527 797 4590 parte
815 4523 877 4592 Dei,
895 4523 988 4576 sodex
1022 4525 1103 4576 -ln
1123 4523 1303 4576 iustificatione
1322 4521 1399 4576 debet
1419 4539 1476 4576 esse
1489 4533 1575 4580 motus
1588 4515 1674 4580 libari*
1700 4525 1798 4592 centia,
1817 4525 1860 4574 vel
1879 4523 1986 4588 respicit
2003 4523 2157 4588 meritorum
2179 4527 2338 4592 exigentiam

344 4615 420 4676 parte
449 4611 523 4665 liberi
540 4611 639 4664 arbitrii
657 4611 719 4666 ibid.
739 4639 774 4662 —
792 4625 843 4664 non
871 4613 898 4666 tit
915 4619 987 4666 netu·
1022 4613 1130 4676 arbitrii,
1143 4625 1192 4678 per
1210 4625 1290 4680 quem
1304 4619 1430 4666 consonat
1442 4615 1554 4680 gratiae,
1567 4619 1593 4668 et
1606 4597 1675 4686 con-¹¹
1700 4615 1719 4666 lt
1739 4611 1835 4664 6999.
1856 4613 1880 4664 9.
1906 4611 1957 4664 779
1972 4613 1996 4664 h.
2015 4611 2068 4664 779
2089 4611 2117 4666 6*
2128 4641 2166 4654 -
2177 4605 2296 4680 proprie,
2309 4619 2340 4666 99

344 4701 434 4754 naliter
459 4713 511 4752 nec·
534 4701 697 4764 voluntarie,
724 4699 771 4754 sed
797 4699 950 4754 mirabiliter
967 4703 987 4754 ll
1022 4703 1145 4766 99999999,
1177 4715 1224 4766 per
1250 4713 1328 4766 quam
1346 4699 1465 4754 ¹adiuvat
1490 4703 1600 4766 gratiam
1628 4703 1664 4754 Ν
1700 4697 1825 4752 dividitur
1845 4699 2337 4766 contremisericordiam,estexigen-

346 4787 402 4840 876.
424 4787 453 4840 9*
470 4815 507 4828 -
523 4801 577 4840 999
595 4787 626 4842 99
650 4791 759 4842 omnino
776 4789 925 4842 secundum
943 4803 988 4854 po·
1023 4787 1074 4842 999
1093 4787 1120 4842 b.
1139 4787 1191 4842 998
1209 4791 1227 4840 9.
1247 4789 1270 4840 9.
1292 4787 1342 4840 550
1363 4805 1376 4840 9
1395 4817 1431 4826 -
1448 4789 1528 4844 Actus
1550 4791 1614 4844 iidci
1637 4797 1674 4844 et
1699 4789 1734 4840 tia
1752 4787 1921 4852 meritorum,
1939 4793 1970 4838 ut
1983 4787 2279 4852 comprehenditipsem
2292 4789 2339 4838 mi-

344 4877 585 4944 tentiamagentis,
610 4877 657 4930 sed
677 4877 823 4930 secundum
842 4889 988 4944 congruen·
1022 4879 1182 4932 contritionis
1199 4881 1259 4930 sunt
1277 4877 1356 4930 simui
1374 4879 1544 4944 temporelV
1564 4867 1674 4932 9999*
1700 4875 1881 4940 sericordiam,
1903 4875 1965 4928 dicit
1990 4875 2188 4928 condecentiam
2205 4875 2339 4940 ,honitatis

342 4967 408 5018 :tiam
428 4967 576 5030 recipientis
592 4967 628 5018 Ν
647 4965 681 5018 99
701 4965 731 5018 9*
754 4981 756 4986 ·
1073 4967 1211 5020 -9999999
1224 4965 1377 5018 iustihcatur
1386 4967 1443 5020 sine
1453 4967 1611 5030 poenitentia
1620 4971 1662 5022 vel
1700 4967 1707 5016 i
1729 4965 1781 5018 760
1799 4963 1826 5016 d.
1847 4965 1869 5016 9.
1888 4961 1940 5016 776
1961 4961 1996 5016 3*.
2015 4961 2067 5016 776
2090 4963 2114 5016 9.
2134 4965 2160 5016 9.
2179 4961 2232 5016 896
2255 4961 2286 5014 9*
2302 4991 2339 5004 -

403 5081 441 5094 -
469 5053 510 5106 Ati
545 5053 727 5108 rectitudinem
747 5055 906 5108 ¹voluntatis
937 5069 985 5120 per
1021 5049 1048 5108 i'u
1067 5053 1306 5122 generaturam.
1331 5055 1437 5120 speciali
1456 5057 1489 5108 Ν
1509 5053 1560 5109 908
1581 5055 1663 5108 9*-
1698 5053 1761 5108 dicit
1781 5053 1960 5118 severitatem,
1979 5051 2021 5102 vel
2040 5051 2161 5106 ordinem
2180 5053 2290 5116 praemii
2303 5051 2339 5104 ad

344 5143 446 5196 actuale
463 5147 600 5208 peccatum
620 5143 708 5208 lapsae
721 5145 854 5196 concurrit
866 5159 895 5196 ex
911 5149 985 5210 parte
1020 5145 1048 5198 ln
1067 5142 1195 5198 deletione
1213 5143 1307 5208 culpae
1324 5143 1581 5198 actualisconcurrit
1596 5159 1663 5198 ,mo-
1698 5141 1821 5196 meritum
1842 5141 1873 5192 Ν
1892 5141 1938 5194 969
1965 5139 2031 5192 b-
2048 5141 2134 5208 stricte
2154 5141 2247 5194 dicitur
2266 5155 2339 5192 seve·

342 5231 485 5284 voluntatis
503 5231 657 5296 poenitentia
678 5237 753 5284 etex
770 5237 844 5296 parte
865 5233 907 5284 Dei
929 5247 986 5298 gra·
1019 5231 1161 5286 tusliheri
1186 5231 1285 5284 arbitrii
1312 5231 1476 5284 concordans
1503 5235 1603 5298 gratiae
1626 5223 1673 5288 99
1697 5233 1760 5284 ritas
1779 5229 1963 5294 impunitione
1982 5229 2111 5280 malorum
2137 5229 2169 5300 Ν
2195 5227 2284 5282 9699
2303 5255 2339 5294 -ς-

338 5321 379 5372 --tia
399 5333 505 5372 ‘sanans
522 5319 540 5371 li
563 5319 612 5372 975
630 5333 647 5372 9
664 5347 699 5358 -
712 5319 758 5374 ,nd
775 5319 985 5374 iustificationem
1019 5323 1114 5386 culpae
1136 5321 1332 5390 expulsionem,
1347 5321 1390 5386 qui
1406 5327 1512 5386 propter
1525 5321 1672 5390 displicens
1697 5319 1785 5384 magis
1801 5317 1908 5382 proprie
1925 5323 2019 5370 sumta,
2032 5315 2094 5370 dicit
2108 5317 2290 5370 rectitudinem
2309 5317 2337 5368 99

342 5407 487 5474 requiritur
500 5409 603 5474 ¹grattiae
622 5409 877 5476 inlusiqcontritio,
896 5415 985 5462 motus
1019 5411 1082 5464 iiam
1095 5411 1194 5474 peccati
1214 5421 1265 5462 non
1284 5413 1444 5474 potestesse
1465 5411 1521 5462 sine
1540 5411 1662 5476 passione
1697 5403 1833 5460 reddendo
1847 5401 1965 5470 idgqnod
1977 5407 2016 5456 est
2035 5417 2143 5472 poenae,
2156 5407 2231 5458 etsie
2243 5405 2335 5458 distin*

343 5495 419 5548 liheri
438 5495 551 5562 arbitrii,
570 5497 616 5564 qul
634 5497 746 5562 pertinet
762 5495 798 5548 ad
816 5495 903 5562 iidem,
924 5511 986 5564 pec·
1019 5497 1119 5552 doloris
1136 5497 1170 5550 Ν
1190 5497 1241 5550 399
1260 5495 1290 5548 9*
1522 5543 1523 5546 ,
1671 5523 1674 5566 ss
1698 5495 1788 5560 guitur
1811 5497 1902 5562 contra
1926 5481 2133 5546 misericordiam
2161 5501 2185 5546 et
2208 5497 2251 5548 ,est
2275 5507 2338 5558 pars

343 5585 393 5636 cati
412 5585 531 5636 remissio
545 5583 629 5636 99699
642 5583 669 5636 9.
685 5585 786 5636 3-99
801 5585 984 5638 iustificatione
1071 5613 1109 5626 -
1127 5585 1154 5638 tit
1174 5587 1197 5636 in
1217 5583 1305 5638 cordis
1322 5585 1476 5636 contritione
1492 5585 1525 5636 Ν
1541 5585 1591 5636 993
1606 5585 1620 5636 i.
1635 5585 1671 5638 9.
1690 5581 1809 5636 iustitiae
1824 5579 1967 5648 cardinalis
1985 5581 2013 5634 ill
2032 5579 2084 5636 798
2098 5581 2123 5636 d.
2144 5584 2155 5635 9

342 5669 514 5724 dunsuntex
531 5677 606 5736 parte
626 5673 747 5738 Dei,duo
765 5685 798 5724 ex
817 5677 890 5736 parte
908 5673 984 5726 liberi
1020 5673 1106 5726 9999.
1118 5671 1169 5726 998
1180 5673 1360 5736 i.i-potest
1369 5685 1426 5724 esse
1436 5671 1672 5726 sinoconiessione·
1750 5697 1788 5710 -
1805 5669 1874 5722 Deus
1893 5675 2017 5736 tanquam
2033 5669 2208 5726 iustusdebet
2225 5685 2337 5726 esseae

341 5757 442 5820 arbitrii
453 5759 487 5812 Ν
502 5759 552 5810 999
565 5759 589 5810 b.
611 5757 661 5810 999
682 5773 713 5810 9.
724 5759 775 5812 997
797 5757 825 5810 6*
842 5787 879 5804 -
898 5761 925 5812 99
944 5761 985 5812 iu·
1019 5761 1053 5814 Ν
1066 5759 1116 5812 999
1129 5775 1144 5812 9
1156 5787 1195 5810 -.-
1206 5765 1292 5824 potest
1304 5771 1362 5810 esse
1374 5759 1431 5812 sine
1444 5759 1619 5812 sacramentis
1634 5761 1671 5824 in
1697 5759 1810 5830 mutator
1822 5759 1991 5828 ¹rectitudinis·
2008 5765 2034 5814 et
2051 5759 2163 5814 iustitiae
2180 5765 2206 5814 et
2225 5763 2250 5814 in
2273 5759 2337 5814 sub.-

341 5843 496 5898 stihcaiione
508 5859 522 5898 a
535 5845 590 5898 Deo
602 5851 641 5900 est
653 5847 751 5898 inlusio
769 5845 870 5910 gratiae
887 5849 913 5900 et
925 5859 984 5912 pec·
1019 5849 1101 5912 iacto,
1120 5847 1168 5900 sed
1187 5861 1238 5898 non
1256 5847 1282 5896 in
1298 5849 1437 5912 proposito
1455 5845 1517 5900 ibid.
1540 5845 1590 5900 939
1605 5849 1631 5902 d.
1645 5851 1671 5904 t,
1698 5849 1757 5902 ditis
1777 5855 1801 5900 99
1818 5849 1846 5900 iu
1865 5861 1893 5900 se
1907 5849 1965 5914 ipso
1978 5849 2012 5900 iii
2031 5849 2082 5904 893
2102 5849 2118 5900 i.
2140 5849 2170 5914 9,
2186 5849 2253 5902 b-
2266 5849 2337 5900 Deus

342 5933 395 5986 cati.
415 5933 533 5998 expulsio
552 5933 584 5984 Ν
605 5933 654 5986 999
675 5933 693 5986 b
754 5979 755 5982 ,
1019 5961 1055 5974 -·
1072 5933 1317 5986 convenientissime
1336 5933 1364 5986 99
1382 5947 1429 5998 per
1447 5935 1672 6006 satisfactionem,
1699 5943 1728 5992 ut
1744 5949 1850 5990 summe
1867 5939 1950 5990 iustus
1971 5951 2021 5990 non
2039 5943 2124 6002 potest
2142 5939 2227 5990 iacere
2245 5944 2336 5992 contra

395 6047 433 6062 -
450 6023 561 6090 requirit
577 6021 774 6088 dispositionem
795 6035 825 6074 ex
844 6027 919 6088 parte
931 6035 985 6074 99-
1014 6031 1048 6078 -99
1065 6025 1144 6074 homo
1158 6023 1242 6076 Deum
1255 6021 1365 6076 honoret
1376 6023 1530 6078 sustinendo
1549 6039 1671 6092 poenam
1697 6027 1818 6080 iustitiam
1839 6029 1847 6080 l
1865 6025 1968 6080 7789.
1987 6023 2012 6078 7.
2033 6027 2064 6078 Ν
2079 6027 2129 6078 966
2144 6027 2160 6080 9.
2174 6027 2238 6078 9,,-
2252 6025 2337 6080 Deum

338 6113 448 6166 stralV
467 6111 502 6164 99
521 6109 559 6180 9*,
575 6109 612 6164 9*.
626 6109 679 6164 397
692 6125 705 6164 9
717 6111 877 6176 -requirit
894 6111 996 6176 dispo·¹
1019 6113 1049 6166 lil
1076 6109 1122 6164 999
1157 6125 1227 6164 9-
1249 6109 1367 6162 Exterior
1394 6113 1494 6176 punitio
1513 6115 1612 6170 ,excitat
1634 6121 1661 6170 et
1697 6131 1748 6170 non
1769 6113 1950 6168 decetiacere
1969 6113 2067 6182 aliquid
2088 6119 2177 6168 contra
2190 6115 2335 6176 iustitiam,

341 6203 462 6254 sitioncm
491 6199 566 6254 liberi
593 6201 692 6254 arbitrii
718 6201 751 6254 Ν
771 6197 806 6252 99
825 6197 864 6254 9*.
881 6201 933 6254 999
953 6199 984 6252 9*
1017 6197 1125 6254 adiurat
1142 6201 1440 6266 interioremgratiarn,
1455 6205 1485 6254 ut
1502 6203 1585 6266 possit
1604 6195 1671 6270 peri
1696 6205 1770 6258 decet
1791 6209 1882 6272 ¹autem
1897 6205 1988 6256 ,iacere
2008 6207 2112 6268 praeter
2130 6205 2245 6268 rigorem
2257 6203 2350 6254 iustis

340 6289 536 6342 -'secundum
550 6291 635 6356 legem
647 6301 816 6344 communem
830 6301 882 6342 non
896 6289 982 6358 datur,
1018 6289 1117 6344 999999
1133 6289 1169 6342 99
1181 6287 1389 6342 iustificationem
1404 6289 1547 6354 perlectam
1559 6293 1594 6346 Ν
1607 6293 1669 6346 565
1694 6295 1745 6346 tiae
1765 6291 1862 6346 999998
1882 6289 1911 6344 9*
1927 6317 1965 6332 -
1990 6291 2040 6344 iate
2061 6293 2149 6344 sumta
2174 6303 2203 6342 se
2222 6281 2337 6344 extendit

340 6377 390 6428 nisi
409 6377 498 6444 aliqua
510 6377 646 6444 dispositio
660 6383 781 6432 occurret
793 6377 826 6430 Ν
848 6377 897 6430 960
917 6377 984 6430 b-
1017 6377 1048 6434 3*
1066 6379 1145 6432 -lu
1165 6379 1224 6444 ipso
1242 6383 1302 6430 actu
1319 6375 1660 6436 iustificationis-inchoatur
1695 6383 1850 6448 adomnia,
1877 6395 1929 6434 non
1954 6393 2018 6434 veno
2044 6381 2144 6446 stricte,
2166 6385 2195 6444 ut
2214 6385 2337 6434 connotat

335 6463 489 6518 secundum
507 6465 594 6530 legem
614 6479 783 6520 communem
802 6479 855 6518 non
874 6467 903 6518 nt
926 6467 983 6520 sine
1017 6465 1290 6534 poenasatislaetoria
1308 6463 1343 6516 Ν
1364 6463 1449 6518 9999.
1471 6467 1672 6536 8-inpar--2
1695 6469 2024 6536 exigentiammeritorum
2042 6467 2051 6520 i
2069 6467 2121 6520 776
2143 6467 2197 6522 39,
2240 6515 2241 6518 ,
2321 6511 2323 6518 .

339 6555 543 6618 praeparatione
565 6553 639 6608 liberi
654 6553 767 6608 arbitrii
781 6553 820 6608 tv
840 6553 891 6608 930
911 6569 927 6608 9
943 6581 981 6596 -
1017 6557 1086 6612 vulis
1106 6569 1158 6608 non
1177 6553 1287 6622 requirit
1304 6565 1374 6618 opus
1393 6555 1503 6618 poenale
1516 6557 1550 6614 Ν
1570 6557 1620 6610 999
1640 6547 1670 6612 bss
1748 6585 1785 6600 ·-
1802 6559 1912 6610 Summa
1925 6557 2079 6610 honitasest
2093 6571 2197 6610 summa
2216 6557 2336 6620 aequitas

340 6667 377 6680 -
395 6653 447 6694 non
466 6641 654 6710 introducitur,
675 6645 723 6696 nisi
742 6641 886 6698 adiuuante
898 6641 984 6698 libero
1070 6645 1178 6698 lusrrrrn
1195 6641 1399 6710 -generaliter
1413 6643 1506 6698 dicitur
1519 6645 1553 6698 ab
1566 6647 1670 6698 ordine
1695 6649 1751 6702 sire
1763 6647 1872 6712 iustitia,
1886 6647 1959 6698 tanto
1970 6645 2040 6702 enirn
2050 6647 2109 6712 quis
2122 6647 2223 6710 melior,
2236 6647 2336 6712 quanto

340 6725 449 6782 arbitrio
466 6729 502 6782 Ν
520 6727 571 6782 998
590 6731 642 6782 93
665 6731 983 6786 -Deusnoninstiiicat
1017 6733 1180 6788 rectitudinis
1205 6729 1305 6786 999798
1333 6729 1389 6782 d.l
1414 6759 1448 6770 —
1466 6737 1506 6786 est
1531 6719 1670 6788 rectitudo
1694 6737 1787 6790 iustior
1812 6735 1831 6786 ll
1860 6733 1875 6788 9
1904 6735 1977 6788 b-
2000 6735 2070 6788 Deus
2095 6741 2134 6788 est
2161 6733 2333 6798 iustissimus,

335 6815 474 6884 adultum,
497 6819 547 6870 nisi
567 6833 596 6872 se
617 6817 742 6884 disponat
757 6823 830 6872 motu
851 6819 926 6872 liberi
944 6821 995 6872 ar·¹
1016 6821 1159 6876 voluntatis
1177 6823 1186 6876 l
1205 6821 1256 6874 863
1277 6821 1296 6872 9.
1316 6815 1341 6872 9.
1361 6819 1380 6870 99
1400 6819 1460 6872 96.
1480 6821 1533 6878 676
1556 6833 1614 6890 arg.
1633 6821 1659 6878 9.
1694 6823 1816 6892 quamvis
1837 6835 1888 6876 non
1911 6825 1944 6876 ita
1957 6887 1958 6890 ¹
1970 6837 2070 6890 pronus
2082 6821 2126 6890 Ν
2146 6821 2196 6872 698
2216 6817 2241 6872 9.
2262 6819 2279 6872 5
2297 6845 2334 6860 -

335 6899 413 6956 bitrii
429 6905 447 6956 99
467 6905 567 6958 9399*
583 6933 622 6950 -
638 6907 713 6964 Deus,
728 6921 780 6962 non
797 6907 919 6962 iustificat
935 6911 995 6974 qui
1017 6911 1047 6962 lli
1066 6909 1113 6963 979
1136 6909 1164 6964 b.
1182 6911 1218 6964 Ν
1237 6911 1289 6964 993
1307 6907 1404 6980 999-9.
1417 6909 1467 6962 663
1487 6909 1525 6966 9*.
1541 6911 1587 6966 969
1606 6911 1622 6966 9.
1641 6911 1659 6966 3
1694 6911 1765 6966 Deus
1784 6911 1878 6966 dicitur
1901 6923 2004 6964 summe
2023 6913 2105 6962 iustus
2123 6921 2177 6974 per·
2196 6919 2333 6974 accessum
