5792 8392
361 621 423 690 316
1106 647 1107 652 ¹
1201 621 1314 688 tibuit
1338 621 1529 690 SECUNDUS

623 711 683 764 SAC
702 709 740 780 (l)
1346 711 1382 776 (t)
1979 713 2039 766 SAC
2059 713 2097 782 (2)

360 803 384 852 61
404 799 582 864 devotionern,
603 801 643 852 vel
665 813 711 864 per
730 801 913 866 poenalitatem
938 797 999 852 ibid.
1039 797 1166 850 -babet
1182 799 1308 850 rationem
1323 797 1485 864 significandi
1499 799 1533 852 ab
1546 799 1674 854 elemento
1714 805 1775 870 quia
1793 809 1833 854 esi
1850 801 1970 854 sensibus
1999 805 2092 854 nostris
2121 807 2295 870 propinquius
2316 805 2346 858 Ν

360 913 396 926 -
422 887 472 954 Qui
498 889 628 940 buniililur
657 895 681 942 oi
709 889 804 942 devote
830 893 1000 942 sacramenta·
1038 887 1159 940 exteriori
1188 885 1222 938 Ν
1250 885 1302 938 226
1319 885 1346 938 d.
1364 885 1380 936 3
1400 913 1434 924 -
1454 887 1528 940 Ratio
1554 889 1673 952 signandi
1718 890 1747 942 15
1767 889 1794 942 2*

360 975 480 1028 libasse
502 965 642 1029 subiiciunt
671 989 722 1028 non
750 975 891 1030 formidant
910 975 1001 1026 diabo·
1040 961 1123 1040 magis
1144 973 1239 1026 residet
1259 987 1341 1038 penes
1358 975 1517 1027 elementum
1541 975 1575 1026 Ν
1593 975 1625 1026 29
1647 977 1671 1028 d.
1765 979 1914 1044 —legalia
1943 979 2154 1042 significa-verunt
2181 979 2254 1046 quod
2281 979 2349 1034 iutu-

359 1065 433 1116 licam
464 1071 617 1128 potestatem
645 1065 675 1118 lll
702 1065 751 1118 666
784 1063 810 1116 3*
838 1091 872 1104 -
901 1065 999 1116 ratione
1037 1065 1061 1114 2.
1082 1063 1114 1114 66
1135 1059 1152 1114 6
1170 1089 1206 1100 -
1225 1065 1249 1114 ln
1265 1063 1393 1116 elemento
1406 1061 1483 1116 debet
1495 1065 1674 1116 salvaticum-
1712 1077 1773 1116 rum
1790 1079 1846 1120 erat
1874 1073 1902 1120 ui
1924 1049 2196 1134 signaprognoslica
2214 1067 2248 1118 Ν
2268 1067 2301 1120 16
2321 1067 2349 1122 6*

361 1155 474 1206 contenti
493 1159 615 1220 prosunt,
635 1157 690 1206 sire
721 1155 782 1206 6661
804 1167 819 1204 6
843 1151 919 1204 bouis
941 1153 998 1204 sive
1037 1152 1188 1218 6161666666
1208 1151 1331 1216 signandi·
1348 1151 1379 1204 tv
1401 1149 1452 1202 167
1472 1151 1487 1202 6
1711 1179 1745 1214 e-
1766 1161 1859 1206 nostra
1871 1157 2022 1220 saussigna
2041 1155 2245 1208 demonstrativa
2266 1161 2289 1208 et
2308 1171 2348 1210 re-

359 1243 470 1296 amalis
487 1241 520 1294 tv
541 1239 627 1296 9666
1088 1267 1122 1278 -
1143 1241 1256 1290 exterius
1284 1239 1412 1304 siguificat
1439 1251 1494 1290 rem
1526 1241 1672 1292 interiorunt
1715 1245 1885 1294 memorativa
1904 1241 1974 1296 ibid.
2003 1271 2037 1284 -·
2070 1245 2175 1310 proprie
2204 1245 2348 1308 signiticaret

415 1331 603 1384 Sicanuanruu
622 1331 685 1382 -1
715 1327 792 1384 Ratio
817 1327 934 1382 nominis
965 1357 995 1366 -—
1037 1327 1068 1380 Ν
1088 1329 1140 1380 663
1168 1341 1224 1392 arg.
1253 1329 1279 1380 3,
1306 1327 1357 1380 686
1386 1329 1402 1380 6.
1421 1329 1436 1380 2
1458 1355 1490 1364 -
1511 1333 1549 1380 est
1568 1329 1671 1392 signum
1714 1329 1825 1394 gratiam
1844 1339 2023 1398 praesentem,
2041 1333 2181 1398 allegorice
2208 1347 2273 1386 vero
2291 1347 2348 1398 pas·

359 1415 479 1488 Signum
497 1419 512 1470 2
533 1417 711 1488 sanctificans
731 1445 763 1456 —
782 1417 928 1470 consensi
947 1415 996 1472 ille·
1035 1419 1215 1482 expressivum
1235 1417 1291 1468 rius
1310 1415 1381 1482 6666
1402 1417 1428 1468 61
1448 1417 1554 1468 interius
1575 1417 1605 1470 Ν
1621 1417 1671 1468 669
1711 1419 1813 1470 sionem
1834 1419 1998 1482 praeteritam
2027 1419 2160 1476 iiia.¹255
2181 1421 2218 1488 2*,
2241 1419 2277 1474 66
2297 1421 2347 1474 267

359 1505 586 1578 6366666666
602 1509 719 1560 naturae
736 1503 751 1556 6
771 1503 849 1572 Lapis
864 1503 994 1560 esuristi
1034 1505 1050 1554 i.
1071 1503 1290 1568 2--signinoat
1308 1507 1427 1556 eflectum
1448 1505 1596 1556 interiorem
1626 1519 1672 1568 per
1713 1503 1748 1556 l*.
1770 1507 1821 1560 266
1841 1505 1867 1558 d.
1887 1507 1902 1558 2
1920 1535 1957 1544 -ψ
1974 1521 2060 1560 novae
2079 1509 2144 1572 legis
2162 1513 2250 1574 primo
2271 1511 2347 1574 signi·

358 1595 447 1650 Nouae
470 1593 534 1664 lepis
560 1593 578 1644 7
606 1593 738 1648 institutio
768 1593 995 1648 6116666666-
1034 1593 1116 1644 simile
1136 1593 1247 1646 exterius
1267 1593 1298 1644 Ν
1319 1593 1405 1644 6766
1581 1583 1582 1588 ’
1710 1593 1786 1646 66661
1814 1595 1912 1660 gratiae
1940 1595 2082 1650 eiiicaciam
2106 1603 2133 1650 et
2150 1611 2199 1662 per
2217 1599 2346 1662 posterius

360 1681 438 1738 Ordo.
637 1689 643 1698 “
1085 1709 1120 1722 ‹-
1140 1683 1284 1734 naturalem
1302 1681 1381 1734 debet
1406 1681 1670 1746 babctesimilitudi·
1710 1683 1856 1746 passionem
1886 1683 1977 1736 Christi
2007 1683 2039 1738 Ν
2069 1685 2100 1738 26
2121 1701 2191 1738 6-
2212 1686 2240 1738 16
2261 1689 2345 1740 Sacra·

413 1769 543 1824 illinitus
560 1797 597 1810 ·-
621 1769 784 1824 Essutiiniiu
811 1771 853 1822 16
872 1769 994 1824 Elemen-
1034 1783 1093 1822 uem
1111 1771 1147 1824 66
1166 1783 1222 1822 rein
1241 1771 1275 1822 Ν
1295 1769 1346 1822 196
1364 1771 1445 1836 argi
1466 1767 1668 1822 -babilitatem
1712 1773 1803 1824 mentis
1824 1785 1906 1824 novae
1932 1773 1997 1838 legis
2024 1774 2201 1838 principaliter
2218 1775 2346 1842 signitica-
2431 1847 2432 1850 Ἴ

359 1863 417 1914 inin
436 1859 465 1910 ll
494 1857 610 1914 Verbum
629 1857 803 1914 1266666666
822 1859 855 1912 13
880 1857 993 1914 intentio
1033 1857 1066 1910 ad
1096 1857 1297 1924 significandum
1327 1857 1405 1912 babet
1431 1873 1463 1912 ex
1489 1865 1595 1924 natura,
1623 1857 1668 1910 sed
1709 1863 1751 1910 tur
1772 1863 1853 1926 gratia
1874 1863 2067 1914 sacramentalis
2087 1861 2343 1918 ivisset-noa

358 1947 390 2000 66
410 1947 495 2002 Fides.
1032 1949 1203 2000 actualitatem
1222 1961 1252 2000 ex
1273 1949 1428 2000 institutione
1454 1947 1485 1998 Ν
1508 1947 1539 1998 66
1558 1945 1596 1998 6*.
1618 1947 1668 2000 266
1709 1951 1795 2000 omnia
1817 1949 2274 2020 666666666666616616,6666666
2294 1953 2344 2020 ple·

411 2037 442 2088 16
472 2037 520 2090 lios
552 2035 726 2090 Sucronensi
752 2037 786 2088 66
812 2035 931 2106 Effectus
961 2035 992 2088 67
1034 2033 1061 2088 6*
1081 2065 1114 2076 -
1133 2041 1194 2088 sunt
1210 2037 1290 2104 ¹signa
1308 2037 1422 2088 instituta
1442 2043 1549 2100 propter
1568 2049 1668 2100 expres·
1708 2037 1769 2088 nius
1786 2043 1812 2090 et
1832 2037 2042 2104 perlaotiusiecit
2062 2041 2094 2092 Ν
2114 2039 2147 2092 66
2165 2055 2190 2104 6,
2208 2039 2238 2094 2*
2291 2063 2292 2066 ¹

359 2123 453 2180 Gratia
473 2121 885 2178 sacramentalistsunuroaur
901 2125 929 2176 66
950 2121 993 2192 66-
1032 2127 1131 2178 sionem
1152 2125 1188 2178 rei
1209 2125 1366 2190 significatae
1387 2126 1459 2190 talita,
1486 2139 1554 2190 quae
1575 2123 1607 2178 de
1630 2125 1667 2176 sui
1749 2145 1793 2164 ¹-
1814 2131 1852 2178 est
1877 2127 1980 2190 signum
2011 2131 2193 2196 essentialiter,
2209 2131 2236 2180 in
2265 2145 2343 2196 quan·

355 2211 449 2284 666666
469 2213 648 2268 Suu-tunicati.
1032 2223 1122 2268 natura
1143 2221 1202 2266 nata
1220 2219 1281 2266 suut
1298 2213 1368 2266 illam
1382 2215 1529 2278 exprimere
1539 2213 1573 2264 tv
1587 2211 1668 2264 2666
1707 2217 1765 2264 tum
1790 2227 1896 2280 semper
1923 2215 1950 2266 in
1976 2223 2034 2268 actu
2064 2227 2229 2282 comparatur
2259 2217 2292 2270 ad
2317 2219 2343 2272 66

410 2303 442 2354 26
465 2301 686 2374 6666666666,
702 2301 900 2370 ministerialis,
917 2299 993 2356 rneri-
1085 2331 1118 2344 -·
1141 2303 1233 2356 dicitur
1253 2305 1358 2368 signum
1377 2301 1479 2354 visibile
1493 2315 1541 2366 pro
1554 2301 1668 2354 sensibili
1707 2301 1778 2368 quod
1796 2301 1932 2368 significat,
1952 2303 2010 2358 licet
2027 2307 2052 2356 iu
2081 2305 2290 2360 babitutautum
2310 2307 2342 2360 ad

356 2391 432 2444 torio.
1032 2407 1109 2446 sensu
1129 2391 1257 2456 exteriori,
1278 2397 1305 2442 ut
1333 2387 1530 2456 comprehendit
1553 2391 1668 2442 audibile
1706 2403 1768 2442 oum
1785 2393 1828 2442 cni
1846 2391 1974 2456 signiticai
1993 2393 2026 2444 Ν
2046 2391 2080 2444 66
2098 2391 2129 2446 3*
2145 2421 2182 2432 -
2200 2397 2301 2458 subicit,
2317 2403 2343 2448 ut

410 2481 436 2532 21
464 2479 604 2550 Dispositio
627 2479 795 2550 6666666666
820 2483 853 2532 22
872 2479 993 2534 666666-
1032 2479 1064 2534 Ν
1086 2483 1116 2534 26
1138 2481 1164 2532 d.
1184 2481 1200 2532 2
1220 2507 1253 2518 -·
1274 2481 1359 2546 potins
1379 2481 1473 2532 dicitur
1500 2479 1602 2532 visibile
1632 2493 1668 2532 ra·
1707 2477 2294 2550 6661666666611616616616666666666161,
2315 2485 2342 2536 li·

353 2567 452 2622 'strutio
473 2571 504 2622 23
526 2568 642 2624 iteratio.
1031 2571 1101 2624 tione
1118 2571 1239 2622 elementi
1259 2567 1368 2622 visibilis
1387 2567 1448 2622 ibid.
1468 2595 1503 2608 -·
1522 2575 1581 2620 suot
1593 2569 1665 2634 sigua
1707 2573 1746 2620 cet
1766 2581 1842 2620 nemo
1862 2569 2112 2634 66666616117836
2133 2569 2160 2622 l*
2180 2575 2342 2636 -parvulo

392 2659 402 2710 6
424 2685 458 2696 --
476 2655 604 2712 vertantur
621 2673 694 2712 sarra
716 2661 838 2724 mysteria
850 2659 906 2712 siva
919 2673 990 2712 sacru
1031 2661 1142 2712 visibilia
1155 2673 1242 2712 rerum
1258 2659 1435 2724 invisibilium,
1450 2671 1496 2724 per
1508 2665 1575 2724 quae
1589 2661 1666 2710 ltomo
1706 2655 1833 2718 siguificat
1850 2659 1877 2708 in
1897 2657 1947 2708 alio
1964 2657 2000 2710 lV
2023 2657 2057 2710 66
2084 2657 2113 2712 3*
2132 2687 2166 2700 -
2186 2663 2210 2712 in
2230 2661 2340 2724 parvulo

355 2757 450 2800 secreta
473 2749 498 2800 lll
521 2735 615 2800 6166.
636 2749 653 2800 6
670 2775 707 2786 ·-
725 2747 819 2802 dicitur
833 2753 936 2800 sacrum
956 2761 991 2800 sc·
1030 2749 1215 2802 manuducitur
1232 2747 1266 2800 ad
1284 2737 1423 2812 spiritualia
1439 2745 1618 2816 cognoscenda
1635 2745 1665 2796 lV
1707 2735 1853 2798 nonnanes
1872 2745 1991 2798 ellectum
2017 2747 2190 2814 significandi,
2208 2751 2270 2814 quia
2289 2763 2340 2802 non

355 2825 630 2890 6661661166191
659 2835 683 2890 d.
713 2839 783 2900 8-—
805 2837 878 2904 larga
899 2837 991 2890 dicitur
1031 2839 1082 2892 662
1101 2851 1157 2902 arg.
1177 2837 1193 2888 3
1215 2865 1250 2874 -
1269 2837 1301 2888 de
1331 2853 1357 2888 se
1382 2843 1419 2890 est
1448 2839 1551 2902 signum
1573 2835 1666 2902 signiti-
1704 2839 1743 2884 est
1763 2847 1842 2898 capas
1862 2833 2010 2902 doctrinae,
2033 2841 2120 2888 tantan
2140 2835 2341 2902 aliissigniticat

356 2939 540 2994 qrtaecumque
558 2927 991 2980 6661666616616666166666666186-
1030 2943 1103 2994 raus,
1124 2941 1170 2990 per
1190 2925 1311 2978 accidens
1331 2933 1368 2978 est
1395 2927 1498 2990 signum
1524 2925 1613 2976 veluus
1634 2925 1664 2976 Ν
1705 2925 1816 2986 glatiem
1836 2925 1869 2974 Ν
1889 2923 1938 2974 113
1959 2919 1988 2974 l*
2008 2951 2040 2960 -
2060 2931 2187 2992 quantum
2206 2925 2338 2990 estdese,

353 3017 443 3078 alesia,
465 3016 562 3066 sivein
584 3015 736 3068 rebrissive
757 3015 870 3068 indietis
891 3015 989 3067 sivein
1031 3015 1081 3068 266
1101 3015 1130 3068 3*
1149 3041 1183 3054 ·-··
1204 3015 1292 3066 dicunt
1311 3013 1446 3082 qrtoddont
1466 3015 1584 3066 velamen
1609 3027 1665 3078 gra·
1704 3023 1808 3076 semper
1835 3011 1962 3078 siguificat
1986 3009 2047 3066 ibid.
2072 3041 2106 3054 -·-
2132 3015 2260 3080 siguificat
2282 3015 2339 3068 elle·

353 3105 426 3156 iactis
444 3105 477 3154 Ν
497 3105 527 3154 31
551 3103 578 3156 d.
597 3105 622 3154 tl
653 3121 654 3126 ¹
1030 3105 1079 3156 tiae
1097 3105 1242 3168 interioris,
1265 3105 1336 3168 quod
1358 3109 1446 3154 tamen
1470 3103 1558 3168 aliquo
1586 3103 1664 3154 utodo
1704 3103 2339 3170 616666666666666616666666666666666

408 3219 441 3252 ψ-
461 3196 499 3244 est
519 3195 663 3244 sacraerei
687 3195 793 3258 signum
824 3193 989 3246 1111361.
1028 3191 1439 3256 illumiaatadeognoscendum
1459 3191 1488 3240 Ν
1511 3191 1576 3240 696
1703 3187 1764 3240 lacit
1783 3189 1816 3240 Ν
1837 3189 1887 3240 163
1906 3187 2112 3254 l*·-setnper
2138 3197 2178 3244 est
2195 3207 2288 3246 verurn
2309 3195 2339 3246 si·

353 3281 440 3332 6161.
461 3283 475 3332 2
496 3289 608 3334 -sunt
635 3283 864 3346 signa‘axteriora
894 3281 929 3332 rei
950 3295 990 3334 sa·
1081 3309 1114 3322 -
1133 3285 1171 3332 est
1184 3295 1214 3330 aa
1228 3279 1396 3332 similitudine
1407 3285 1613 3342 repraesentans,
1634 3291 1663 3330 ex
1703 3289 1783 3340 guum
1814 3279 1910 3342 gratiae
1937 3277 2082 3330 secutidttm
2110 3279 2295 3332 institutionem
2315 3289 2338 3334 et

355 3381 414 3422 crae
432 3375 459 3420 et
477 3373 604 3422 sacrantis
623 3371 756 3432 religionis
784 3369 939 3422 christianae
958 3367 988 3420 Ν
1028 3371 1185 3424 institutione
1211 3369 1359 3434 significans
1389 3365 1663 3420 illiterati.
1701 3363 1778 3414 etiam
1808 3365 1953 3416 seeundum
1982 3381 2074 3432 usum,
2102 3375 2229 3434 quantum
2250 3375 2288 3420 est
2307 3385 2337 3422 ex

349 3459 387 3510 la
409 3457 988 3522 i.i-estsacrumsignnralvaaaarg.
1032 3459 1121 3510 ll0a.
1143 3457 1194 3510 678
1214 3457 1230 3510 i.
1250 3459 1274 3508 l.
1295 3457 1347 3510 667
1367 3453 1558 3508 sanatura
1587 3457 1662 3522 signi·
1702 3441 1848 3516 partesui,
1869 3453 2125 3508 sivoellamdautis
2147 3457 2183 3514 Ν
2204 3457 2236 3508 66
2257 3455 2337 3510 6*-

352 3549 375 3600 6.
396 3545 447 3600 767
476 3549 491 3600 6.
522 3549 590 3600 6-
607 3547 755 3614 largissime
784 3555 919 3612 arreptum
949 3549 988 3600 vel
1028 3549 1086 3600 licat
1103 3561 1137 3600 ert
1156 3545 1601 3614 iustitutione,quorlrepraesentat
1619 3559 1663 3596 na·
1701 3553 1752 3592 nou
1771 3549 1810 3594 est
1828 3543 1920 3594 laisum
1949 3543 2068 3610 siguum,
2087 3557 2149 3596 cunt
2168 3559 2218 3598 nou
2240 3547 2337 3600 coniers

353 3637 497 3690 sacrandum
520 3637 990 3702 nominisinterpretaiionemdicitur
1027 3639 1143 3690 ruraliter
1166 3637 1200 3688 Ν
1229 3635 1281 3688 686
1309 3635 1356 3688 ti
1382 3663 1415 3672 -
1435 3633 1592 3700 Significatio
1612 3647 1660 3686 nou
1700 3633 1810 3694 gt'oiiuiu
1830 3629 2337 3698 propteritnpedimentumarteriasu-

352 3739 441 3778 sacrae
461 3723 499 3778 rri'
518 3727 623 3790 siguum
653 3725 684 3778 Ν
707 3727 738 3776 28
760 3725 785 3778 d.
807 3727 814 3774 1
840 3753 873 3764 -
894 3731 931 3778 est
960 3727 990 3778 si·
1027 3731 1127 3780 tantum
1147 3723 1661 3790 exigitrepraesentationem,sedetiam
1700 3721 1832 3784 scipientis
1849 3717 1911 3774 ibid.
1934 3721 1982 3772 663
2005 3721 2030 3772 l*

353 3827 432 3880 gnum
464 3813 564 3868 visibile
594 3815 629 3866 rei
650 3821 783 3866 sacrarent
807 3807 990 3868 sanctificantis
1028 3813 1335 3882 66616161666666161693
1355 3811 1662 3876 6*-8666666161Ιί16·
1739 3811 1852 3862 2-16
1874 3811 2046 3862 sacramentis
2071 3820 2109 3865 est
2134 3813 2229 3880 aliquid
2252 3817 2336 3878 mysti-

353 3901 414 3956 6666.
443 3931 477 3940 -
494 3911 535 3956 est
561 3903 633 3972 6666
663 3903 717 3954 666
741 3909 876 3956 consecrat
905 3905 929 3954 in
950 3905 988 3954 sui
1028 3903 1113 3956 dinem
1135 3903 1257 3956 fundatur
1274 3903 1411 3968 institutio,
1432 3909 1458 3954 et
1470 3901 1577 3954 advenit
1588 3903 1661 3954 66661
1703 3899 2274 3966 66661666666666616617696-
2295 3905 2335 3956 lra-

350 3993 430 4058 ipsius
450 3993 614 4058 susceptione
634 3993 667 4044 Ν
686 3993 737 4044 616
759 3993 810 4044 63
927 3997 928 4000 ’
1026 3993 1193 4044 6666666666
1218 3993 1251 4044 Ν
1280 3989 1332 4042 267
1352 3991 1368 4042 6
1390 4019 1423 4028 *-
1443 3993 1551 4054 Signum
1581 4005 1662 4042 sacra
1706 3987 1749 4038 bel
1775 3987 1839 4054 quid
1869 3987 2035 4054 figurativum
2066 3983 2091 4040 ’61
2120 3993 2333 4058 significativum,

403 4083 588 4146 -accipitur
614 4083 801 4146 communiter,
832 4083 937 4146 proprie
965 4089 989 4134 et
1025 4083 1138 4134 mentale
1156 4079 1404 4132 continctdivinam
1432 4079 1617 4130 iustitutionem
1639 4083 1662 4130 el
1702 4083 1845 4142 quocurat
1865 4077 2014 4130 caecitatem
2033 4081 2206 4144 ignorantiae,
2227 4081 2334 4146 etquid

351 4173 531 4236 propriissime
548 4173 583 4224 Ν
602 4171 636 4224 28
658 4171 680 4224 d.
704 4173 714 4222 1
736 4197 774 4210 ...
791 4171 885 4224 dicitur
905 4173 987 4224 torma
1025 4173 1167 4224 naturalem
1188 4169 1452 4236 repraesentationem
1470 4167 1506 4220 Ν
1524 4167 1571 4218 661
1594 4183 1607 4218 6
1701 4167 1857 4230 gratttitnm,
1878 4179 1930 4232 quo
1949 4173 2022 4218 66666
2040 4169 2195 4230 pronitatem
2214 4173 2335 4236 conrupi-

347 4255 463 4310 'visibilis
486 4265 516 4312 ut
542 4259 684 4312 similitudo
710 4261 821 4312 exterius
839 4273 988 4324 666666666-
1078 4287 1112 4296 -
1131 4263 1170 4310 esi
1189 4261 1293 4322 signum
1324 4271 1353 4308 ex
1382 4257 1538 4308 institutione
1567 4255 1661 4320 signill-
1700 4253 2275 4320 6666166617166-6666661661666661
2306 4261 2335 4312 si·

325 4353 406 4398 tans
431 4347 589 4400 invisibilem
617 4349 727 4412 gratiam
757 4349 788 4398 Ν
820 4349 852 4400 26
871 4347 898 4398 d.
917 4349 932 4398 2
954 4377 987 4386 -
1026 4347 1142 4400 canslV
1163 4345 1661 4410 196666.6-8666666616666166
1701 4343 1745 4406 gni
1764 4347 1855 4394 excitat
1875 4347 1973 4396 motum
1994 4343 2334 4410 fideimtrequtratsigna-

350 4441 388 4488 est
407 4436 543 4488 invisibilis
572 4437 670 4500 gratiae
699 4435 808 4488 visibilis
837 4437 933 4500 torma,
953 4437 984 4488 ila
1024 4437 1181 4508 institutione
1202 4437 1232 4488 Ν
1253 4435 1286 4486 ts
1306 4433 1343 4488 5*.
1361 4435 1396 4486 62
1415 4433 1431 4484 i.
1454 4437 1476 4486 2.
1499 4433 1579 4486 libi.
1598 4431 1661 4484 l-
1700 4441 1755 4482 tunt
1772 4429 1918 4490 ibici-in
1940 4433 1998 4498 lege
2016 4435 2147 4500 Evangelii
2161 4443 2220 4488 sunt
2234 4437 2333 4500 figurae

349 4523 420 4590 quod
449 4525 645 4578 similitudinem
671 4527 729 4578 eius
758 4529 831 4590 gerat
857 4531 882 4578 61
908 4539 984 4578 carisa
1024 4523 1542 4590 616666166666661666166666161616666
1563 4521 1659 4574 Ν666
1703 4533 1754 4572 nou
1772 4527 1872 4574 tantum
1892 4521 1925 4572 66
1953 4521 2169 4590 significandum,
2191 4525 2237 4578 sed
2256 4527 2332 4578 eliam

352 4613 440 4666 antistat
461 4613 487 4664 ill
508 4613 557 4666 866
579 4615 605 4666 b.
623 4613 657 4666 Ν
679 4613 728 4666 116
749 4613 785 4666 1*.
806 4613 856 4668 196
875 4613 967 4680 argi
1025 4611 1051 4666 l*
1071 4643 1103 4652 -
1131 4615 1236 4678 proprie
1265 4617 1326 4664 sunt
1351 4613 1424 4676 signa
1454 4611 1597 4666 voluntaria
1627 4611 1659 4664 lV
1701 4609 1734 4660 ud
1754 4611 1965 4662 sanctificandum
1994 4611 2024 4662 Ν
2054 4611 2086 4662 66
2106 4605 2245 4666 3*-66
2271 4615 2333 4668 inte·

404 4729 435 4738 -
457 4707 495 4754 esl
514 4705 657 4756 institutum
677 4703 713 4754 ad
730 4701 931 4770 significandum
954 4705 984 4756 tv
1023 4701 1055 4754 66
1076 4701 1103 4756 6*
1699 4701 1789 4764 gritate
1809 4701 1967 4752 8666666666
1988 4707 2047 4752 sunt
2066 4701 2217 4766 significatio
2237 4709 2331 4756 elsati-

348 4791 380 4842 13
401 4791 416 4842 6.
437 4791 453 4842 2
472 4817 508 4830 -
527 4779 684 4844 Srtcramcnii
714 4797 752 4844 est
779 4791 925 4858 significare
953 4791 984 4844 Ν
1078 4795 1167 4842 --esi
1197 4791 1353 4844 elementum
1385 4791 1520 4854 corporale
1546 4795 1573 4842 et
1598 4795 1657 4842 culn
1699 4787 1818 4842 elinantio
1844 4789 1878 4842 Ν
1902 4787 1995 4842 2666.
2019 4791 2034 4840 6
2065 4817 2099 4830 ·-
2128 4791 2167 4842 ad
2189 4793 2331 4856 perlectum

351 4879 385 4932 66
406 4881 422 4932 i.
446 4880 455 4929 l
479 4907 514 4916 -
533 4881 731 4932 Sacranaentalls
749 4881 982 4938 medicinadesua
1022 4885 1072 4934 troc
1091 4881 1153 4934 dicit
1183 4881 1281 4946 aliquid
1309 4879 1442 4944 spirituale
1460 4881 1562 4932 unitum
1581 4881 1604 4932 oi
1624 4893 1659 4932 se·
1697 4887 1754 4930 esse
1778 4877 1939 4930 Sacrameuti
1965 4877 2098 4932 sufficiunt
2126 4881 2279 4944 significatio
2308 4889 2331 4936 et

347 4971 494 5034 integritate
515 4967 594 5022 habet
611 4971 840 5036 significationem,
859 4985 927 5036 quare
947 4977 984 5022 est
1022 4971 1138 5024 eundum
1157 4971 1327 5022 intentionem
1344 4971 1374 5020 ut
1392 4967 1656 5034 6666616666166617
1696 4957 1860 5018 sanctificatio
1888 4965 1923 5016 Ν
1950 4965 2002 5018 692
2029 4983 2086 5034 urg.
2108 4969 2235 5022 3--nd
2255 4973 2332 5024 ratio-

347 5059 494 5110 rommuuis
524 5063 547 5110 61
576 5061 718 5113 essentialis
745 5059 870 5114 omnibus
895 5061 984 5112 Sacra·
1019 5059 1053 5120 ii
1075 5061 1090 5112 1.
1111 5059 1137 5112 6.
1156 5059 1189 5110 36
1209 5057 1233 5110 6.
1255 5061 1270 5110 8
1290 5087 1326 5094 -
1343 5067 1402 5110 6661
1420 5055 1531 5110 visibilia
1559 5067 1582 5110 et
1604 5071 1656 5110 cor·
1697 5067 1756 5106 nem
1775 5055 1935 5108 Sacramenii
1960 5069 2010 5106 non
2038 5057 2133 5110 sufficit
2160 5061 2270 5124 signatio
2295 5061 2330 5112 rei

346 5147 438 5198 montis
460 5145 490 5196 Ν
512 5145 543 5198 66
564 5145 813 5212 b—Signiiiratio
840 5155 984 5200 estessen·
1016 5151 1120 5214 poraiia
1141 5147 1244 5198 11126
1266 5147 1538 5212 -suurcorporalia
1563 5157 1656 5200 ernon
1696 5157 1797 5208 sacrae,
1824 5145 1872 5196 nisi
1899 5145 1976 5196 etium
2005 5145 2103 5210 aliquid
2129 5145 2163 5196 ibi
2185 5149 2331 5202 conteratur

346 5235 411 5290 tialls
428 5237 597 5288 sacramento
613 5235 649 5288 Ν
667 5235 719 5288 663
738 5237 756 5286 1.
771 5235 793 5288 6.
808 5237 854 5290 671
880 5237 984 5290 62-
1022 5237 1120 5290 ducunt
1140 5237 1164 5287 iu
1185 5235 1328 5302 spiritualia
1347 5235 1395 5286 nisi
1414 5235 1441 5286 in
1464 5237 1564 5288 tatione
1583 5237 1658 5300 signi·
1698 5231 1728 5284 Ν
1750 5233 1795 5284 616
1822 5229 1848 5284 6*
1868 5259 1902 5272 -
1921 5233 2088 5298 novaelegis
2109 5247 2157 5286 nou
2188 5236 2270 5288 solnm
2301 5253 2330 5290 ox

345 5323 984 5394 ildoannisSacrameuliesseuecessatiorequi·
1021 5325 1115 5378 1666661
1136 5325 1168 5376 Ν
1190 5325 1221 5376 13
1241 5325 1413 5376 i.3--suui
1432 5325 1506 5388 signa
1524 5325 1657 5390 exteriora,
1699 5323 1780 5386 prima
1802 5323 1959 5374 institutione
1987 5321 2103 5376 ordinata
2124 5333 2184 5376 suut
2201 5325 2234 5376 ad
2254 5325 2331 5390 sigui·

344 5415 409 5466 61166
426 5413 582 5478 significatio
599 5415 655 5466 siue
672 5415 805 5478 expressio
826 5415 857 5466 Ν
878 5415 928 5466 692
949 5415 966 5468 b
1021 5417 1044 5466 in
1065 5415 1161 5482 quibus
1181 5427 1231 5466 non
1259 5417 1356 5468 tautum
1383 5413 1561 5466 consideratur
1586 5413 1656 5478 qnod
1696 5409 1857 5474 arationem,
1877 5409 1924 5460 sed
1943 5411 2018 5462 etiam
2039 5411 2073 5464 ad
2091 5415 2201 5476 gratimt
2215 5413 2330 5468 obtinen-

399 5493 432 5540 -’
459 5493 632 5556 essentialiter
654 5501 785 5568 loquendo
812 5509 851 5556 est
878 5505 983 5568 signum
1020 5509 1058 5556 est
1080 5503 1202 5568 interius,
1227 5501 1273 5554 sed
1300 5503 1377 5556 etiam
1402 5503 1507 5568 signum
1530 5503 1656 5564 exterius,
1697 5495 1757 5548 dotti
1775 5503 1801 5548 et
1820 5505 1867 5562 per
1885 5511 1913 5550 se
1931 5499 2069 5552 iustificam
2087 5501 2121 5554 Ν
2141 5503 2174 5554 26
2193 5503 2253 5568 ab
2325 5517 2328 5520 ·

344 5591 375 5642 Ν
406 5589 437 5640 66
467 5589 492 5642 b.
518 5589 548 5640 66
575 5593 591 5642 6.
620 5591 645 5640 l.
672 5591 724 5642 627
753 5591 780 5644 b.
804 5593 855 5644 692
877 5593 922 5644 tt
949 5619 983 5632 ·-
1019 5595 1118 5646 ratione
1138 5593 1212 5644 cuius
1229 5589 1327 5643 habunt
1349 5593 1474 5644 rationem
1499 5589 1656 5642 Sacramenti
1747 5613 1781 5624 ·-
1800 5589 1825 5636 iu
1843 5587 1901 5650 lege
1921 5601 1990 5640 nova
2015 5595 2075 5640 suni
2098 5591 2280 5644 sanctificantia
2302 5593 2329 5646 lll

344 5691 421 5730 omne
440 5679 544 5742 signum
565 5687 603 5730 esi
621 5683 688 5730 6161
701 5679 806 5744 signum
820 5679 997 5734 administra.
1021 5681 1051 5734 Ν
1073 5679 1125 5732 696
1145 5677 1173 5730 i*
1191 5707 1225 5718 -
1248 5691 1327 5730 omne
1349 5685 1389 5730 est
1410 5679 1522 5730 exterius
1547 5679 1580 5730 Ν
1607 5677 1655 5730 669
1695 5675 1745 5726 888
1760 5675 1784 5728 6.
1800 5675 1832 5728 Ν
1851 5675 1902 5730 667
1924 5677 1939 5728 i.
1958 5677 1973 5728 3
1994 5679 2188 5732 -sanctlilcat
2204 5693 2236 5732 ex
2255 5681 2328 5734 verbi

342 5759 385 5820 'tur
404 5765 436 5818 Ν
463 5765 513 5816 693
540 5779 553 5816 6
583 5793 618 5802 -
644 5779 721 5818 ornae
746 5767 849 5832 aliquod
877 5769 981 5832 signum
1021 5771 1035 5820 i.
1056 5769 1082 5820 3.
1100 5769 1152 5820 218
1172 5765 1208 5818 2*.
1228 5767 1278 5816 616
1301 5765 1329 5816 l*
1695 5767 1838 5832 prolatione
1857 5765 1891 5820 Ν
1910 5765 1960 5816 116
1981 5781 1994 5818 6
2013 5769 2208 5821 -6666666661
2232 5783 2262 5822 ex
2288 5769 2329 5822 be·

344 5855 480 5906 essentiale
500 5853 759 5906 babetexleriuslV
779 5853 982 5908 6276-6661
1074 5883 1106 5892 -
1127 5853 1222 5904 habent
1241 5853 1338 5918 aliquid
1368 5853 1503 5918 corporale
1530 5859 1557 5904 ei
1583 5855 1656 5918 spiri·
1695 5855 1958 5908 neoteriouelvtiui
1982 5853 2031 5908 tt
2053 5865 2144 5910 -est
2166 5873 2195 5910 ex
2217 5859 2328 5910 sanctiti-

326 5929 461 6008 Ι66666116
489 5943 524 5994 Ν
551 5941 585 5994 69
610 5955 666 6008 arg.
692 5943 707 5994 3
735 5969 771 5982 —
794 5955 873 5994 omne
892 5949 930 5994 est
950 5947 982 5996 si·
1019 5945 1086 5996 tuale
1115 5943 1149 5994 ad
1177 5943 1368 6006 reparationem
1397 5943 1510 5994 bominis
1535 5943 1601 6008 lapsi
1630 5947 1653 5994 in
1694 5945 1792 5998 catione
1812 5943 1972 5996 sanctificans
1994 5947 2020 5996 lll
2040 5943 2090 5996 896
2111 5961 2133 5998 a.
2153 5947 2187 5998 Ν
2207 5947 2257 6000 163
2276 5949 2327 6000 62

342 6045 423 6098 gnum
451 6031 552 6102 visibile
583 6033 612 6084 Ν
645 6033 688 6082 621
722 6045 747 6084 a.
767 6031 817 6084 676
837 6045 892 6096 arg.
911 6033 927 6084 3
949 6063 981 6072 —
1020 6033 1104 6084 anima
1125 6035 1150 6082 et
1169 6031 1194 6082 in
1214 6043 1326 6094 corpore
1344 6029 1376 6080 Ν
1398 6031 1425 6082 ll
1450 6033 1464 6082 i.
1491 6033 1560 6094 3—
1579 6031 1654 6084 babet
1693 6059 1726 6072 ι·-
1747 6039 1873 6102 quantum
1892 6033 1982 6086 estde
2001 6047 2043 6100 se,
2065 6047 2169 6098 semper
2188 6035 2328 6090 sanctificat

344 6127 383 6174 est
402 6123 507 6186 signum
527 6123 640 6174 exterius
657 6123 690 6174 Ν
717 6121 768 6172 196
786 6135 843 6186 arg.
862 6123 878 6174 3
897 6123 981 6174 —si·
1018 6121 1175 6174 elementum
1202 6123 1225 6170 et
1256 6119 1379 6182 Spiritum
1407 6121 1442 6172 66
1465 6121 1652 6190 purificandam
1692 6121 1843 6186 661136*

343 6213 447 6276 gnificat
466 6213 564 6264 ratione
584 6213 620 6262 rei
641 6213 773 6264 exterioris
791 6211 980 6264 1719636-
1018 6223 1123 6264 curnem
1143 6197 1167 6260 ci
1187 6209 1300 6260 animant
1320 6207 1352 6260 Ν
1374 6207 1423 6258 666
1444 6225 1457 6262 6
1476 6237 1510 6258 —-
1534 6213 1654 6264 materia-
1745 6205 2326 6278 -666666666161666666666666666-

344 6301 553 6364 Repraesenlatio
575 6307 611 6352 est
641 6315 687 6366 per
715 6303 848 6354 materiam
869 6301 902 6354 Ν
929 6301 978 6354 166
1017 6301 1048 6354 lla
1078 6307 1101 6354 et
1131 6297 1275 6362 corporalia
1311 6297 1449 6352 instituant
1478 6303 1590 6352 animam
1621 6301 1652 6352 Ν
1692 6307 1794 6354 craeet
1813 6299 2055 6354 sanctificantis-ad
2081 6299 2151 6352 illurn
2178 6285 2325 6354 habendam

342 6387 357 6438 i.
381 6387 390 6438 l
409 6413 444 6426 ·-
463 6395 501 6440 est
521 6389 678 6440 elementum
699 6403 728 6440 aa
754 6389 921 6442 similitudine
941 6405 980 6442 re·
1017 6389 1103 6444 6661.
1125 6389 1140 6442 2
1692 6391 1830 6444 efficaciter
1848 6389 1971 6442 ordinans
2000 6389 2031 6440 Ν
2053 6389 2085 6442 28
2106 6389 2161 6440 d.l
2186 6415 2220 6426 -
2242 6405 2324 6444 novae

344 6483 513 6540 pritesentans
536 6477 570 6528 Ν
598 6477 633 6528 66
660 6477 678 6528 1.
705 6479 713 6528 1
737 6485 829 6530 —est
847 6479 978 6530 materiale
1070 6505 1104 6518 -
1130 6475 1207 6530 debet
1235 6473 1332 6528 babere
1355 6477 1566 6530 assimilationem
1591 6491 1651 6532 cum
1692 6479 1758 6544 legis
1775 6483 1815 6532 esi
1832 6477 1917 6544 ligura
1937 6483 1961 6530 et
1980 6491 2058 6530 carisa
2085 6477 2120 6530 Ν
2139 6479 2191 6530 226
2210 6479 2270 6532 (1.3
2291 6509 2324 6518 -

341 6565 500 6618 elementum
515 6567 576 6618 ioris
589 6565 744 6618 sensibiliter
758 6567 977 6632 propositunt,ea
1016 6569 1107 6620 6666616
1128 6567 1161 6618 Ν
1182 6567 1231 6618 626
1253 6567 1269 6616 6.
1283 6565 1309 6616 2.
1322 6563 1542 6620 6276-66661
1556 6555 1651 6620 habere
1691 6581 1743 6620 non
1773 6573 1873 6620 tanturn
1905 6567 1985 6618 babet
2013 6567 2248 6636 significationem,
2279 6567 2325 6620 secl

340 6655 507 6706 similitudine
526 6663 723 6720 repraesentans
742 6657 776 6708 Ν
805 6657 855 6708 686
884 6671 942 6720 arg.
963 6658 973 6709 i
1016 6669 1164 6722 expressam
1191 6653 1385 6708 similitudinem
1413 6669 1473 6708 cunt
1503 6657 1593 6708 ellectu
1620 6657 1651 6708 Ν
1690 6657 1765 6709 etiarn
1785 6657 1920 6724 quoddam
1941 6669 2022 6720 gertus
2043 6657 2197 6728 causalitatis
2216 6671 2264 6720 per
2283 6655 2325 6708 be·

343 6771 376 6782 -
397 6743 506 6806 Signum
526 6747 550 6794 in
573 6745 745 6796 sacramentis
765 6751 802 6798 est
821 6745 977 6798 elementum
1016 6747 1048 6798 62
1070 6747 1085 6798 6.
1104 6747 1119 6796 3
1139 6771 1174 6782 -
1193 6743 1271 6796 babel
1299 6741 1431 6810 quandam
1457 6745 1650 6798 similitudinem
1691 6747 1862 6798 nedictionam
1887 6745 1920 6796 Ν
1949 6745 2001 6796 692
2029 6759 2085 6808 arg.
2105 6743 2324 6798 6-Η6611666

340 6831 372 6884 iv
394 6831 549 6896 biburgi
576 6861 608 6870 -
634 6833 790 6898 Significatio
820 6837 977 6888 sacramenti
1016 6833 1262 6900 proportionalitatis
1279 6843 1339 6882 cum
1360 6833 1456 6898 gratia,
1476 6847 1557 6900 quam
1576 6835 1651 6898 signi·
1690 6835 1809 6900 signandi
1838 6833 1966 6888 antecedit
1993 6831 2169 6886 habitudinem
2200 6835 2323 6886 causandi

341 6925 379 6972 est
397 6933 426 6972 en
449 6921 975 6988 66616616666166716366926666
1016 6923 1074 6976 ticat
1100 6923 1133 6976 Ν
1163 6921 1197 6972 29
1222 6921 1283 6974 63
1311 6949 1344 6958 -
1372 6921 1499 6984 significat
1526 6923 1649 6988 gratiam,
1689 6923 1721 6976 tv
1744 6921 1773 6974 16
1796 6921 1824 6974 2*
