5792 8392
491 589 555 660 aaa
1064 667 1068 674 ⁴
1232 587 1233 590 ‘
1327 587 1443 654 44444
1466 585 1659 654 secamus

755 677 812 730 Vlli
834 677 870 744 (5)
1480 673 1518 742 (6)
2106 673 2171 726 Vlll
2183 671 2219 740 (7)

545 791 578 806 ν-
599 765 809 818 rectcdicuntur
829 765 933 816 babitus
962 765 1131 818 rectificantes
1169 763 1269 834 cipiens
1288 765 1448 816 influentiam
1469 763 1573 814 divinae
1601 765 1704 816 virtutis
1727 761 1807 816 babet
1899 765 1990 812 —est
2011 759 2113 812 liabitas
2135 763 2284 826 mentis‚in
2306 759 2412 812 modum
2444 777 2489 814 na·

492 855 621 920 potentias
638 855 668 906 lll
695 855 836 906 rasa-
857 853 1006 906 iteratione
1028 855 1065 904 sni
1088 865 1129 904 no·
1155 849 1331 904 ,habilitatem
1351 855 1375 902 ει
1394 851 1629 904 conformitatem!
1651 849 1703 902 236
1721 849 1784 902 6*γ
1808 875 1809 878 ¹
1847 857 1918 904 turae
1948 851 2038 900 rationi
2069 849 2230 902 consentiens
2261 849 2288 900 444
2319 849 2370 900 724
2397 847 2425 900 6*
2453 877 2488 896 -4

491 943 567 994 minis
587 943 647 994 dicit
678 941 811 1008 quodad
842 941 976 1006 agendam
1001 941 1080 1006 erigit
1107 947 1131 992 ει
1154 959 1181 1014 j=
1224 959 1259 976 *-
1279 939 1325 988 Per
1346 939 1471 990 virtutum
1490 935 1809 1000 babitusgratiaconver·
1847 937 2024 992 conformatur
2050 937 2149 990 iudicio
2175 939 2347 990 conscientiae
2366 943 2393 990 ct
2411 939 2489 990 incli-

490 1033 592 1094 vigcrat
620 1027 736 1084 loid-
757 1035 798 1082 cst
821 1029 927 1082 liabitas
945 1031 1076 1094 potentiae
1096 1041 1131 1080 re·
1169 1025 1197 1076 tit
1217 1027 1330 1076 animam
1350 1023 1383 1076 ari
1412 1025 1494 1076 Deum
1521 1025 1541 1076 ll
1565 1025 1581 1076 4
1601 1039 1614 1076 4
1633 1053 1670 1062 -
1688 1023 1809 1078 subierat
1847 1025 1941 1078 nationi
1962 1025 2110 1092 synderesis
2129 1023 2192 1078 46444.
2248 1061 2250 1066 ,

491 1119 623 1184 gulativtrs
641 1123 669 1170 et
685 1117 882 1170 confirmativas
904 1119 930 1170 144
950 1119 1001 1170 666
1022 1119 1038 1170 f.
1062 1117 1079 1168 6
1100 1143 1131 1156 -
1170 1113 1338 1164 animemed
1365 1115 1488 1164 unionem
1513 1125 1573 1164 cum
1599 1125 1705 1164 sommo
1724 1113 1806 1178 bono,
1901 1139 1935 1152 »-
1955 1115 2096 1166 conformis
2114 1119 2154 1164 cst
2166 1119 2273 1164 naturae
2288 1113 2320 1164 tv
2334 1113 2385 1166 626
2399 1115 2485 1180 arg.3

491 1213 528 1260 est
548 1205 666 1272 liabitas,
685 1221 739 1272 quo
757 1207 913 1270 regularum
930 1205 938 1256 1
959 1205 1024 1258 326
1043 1227 1077 1244 -s
1099 1207 1131 1256 ia·
1155 1189 1242 1266 44444
1260 1215 1342 1266 sopra
1361 1215 1410 1254 nos
1427 1203 1491 1254 esti
1513 1199 1546 1254 46
1565 1201 1593 1254 d.
1612 1201 1645 1252 46
1847 1229 1882 1242 -
1906 1201 1984 1254 Actus
2012 1203 2138 1254 virtutum
2162 1201 2301 1254 moralium
2330 1203 2488 1254 concordant

491 1297 525 1346 cit
539 1295 679 1358 potentiam
693 1299 830 1346 reclamet
844 1295 994 1356 vigorosam
1007 1293 1129 1344 4447424
1155 1349 1156 1354 1
1175 1331 1177 1336 ,
1205 1291 1222 1342 6
1240 1317 1276 1328 -
1295 1297 1334 1342 est
1353 1289 1456 1344 babitus
1469 1289 1501 1342 ad
1515 1289 1614 1342 bonum
1631 1289 1768 1344 nobilitans
1781 1291 1809 1342 444
1848 1289 1939 1342 rationi
1960 1289 2104 1342 secundum
2120 1291 2236 1342 naturale
2252 1291 2382 1342 dictamen
2395 1291 2422 1342 ill
2436 1289 2486 1342 422

491 1409 525 1422 4-
545 1387 582 1434 εει
602 1381 718 1446 habitus,
740 1383 784 1448 qui
805 1383 946 1446 potentiam
967 1381 1092 1434 rectificat
1109 1387 1133 1434 et
1155 1377 1223 1430 ’244
1240 1391 1263 1430 4.
1283 1377 1335 1428 422
1355 1379 1371 1428 4.
1391 1379 1407 1430 3
1426 1401 1462 1416 ε-
1481 1379 1755 1442 naoilitantpotentias
1775 1377 1807 1430 ad
1847 1377 1876 1428 3*
1895 1375 1930 1416 ’-
1949 1377 2034 1432 Omna
2051 1391 2120 1444 opus
2140 1381 2241 1432 virtutis
2266 1383 2364 1444 spectat
2389 1377 2421 1430 ad
2450 1377 2487 1430 di-

491 1469 594 1536 rigoral
622 1471 650 1522 444
679 1469 731 1524 664
750 1485 762 1520 4
784 1497 818 1506 -
838 1477 866 1522 ut
893 1471 966 1534 large
992 1471 1129 1536 accipitur,
1169 1465 1238 1518 bene
1256 1465 1422 1530 operandum
1449 1467 1479 1518 lll
1505 1467 1557 1518 740
1587 1481 1642 1530 arg.
1662 1467 1677 1518 2
1695 1497 1731 1506 -
1750 1475 1811 1520 sunt
1847 1475 1949 1520 ctamcn
1969 1467 2129 1518 naturaelV
2150 1467 2200 1518 436
2219 1469 2311 1534 4446
2333 1469 2487 1532 -Quanto

492 1557 637 1610 extenditur
658 1557 690 1610 ad
711 1557 829 1610 habitum
850 1557 1035 1610 rectificantem
1054 1565 1079 1610 et
1099 1557 1133 1608 vi·
1170 1555 1202 1606 ad
1223 1561 1292 1608 recte
1310 1553 1475 1620 operandum
1494 1557 1523 1606 144
1542 1553 1595 1606 737
1612 1569 1625 1608 4
1644 1583 1677 1592 --
1694 1555 1809 1620 dirigant
1847 1561 1919 1608 actus
1938 1557 2032 1620 aliquis
2044 1565 2085 1610 εει
2096 1555 2287 1622 rationabilior,
2301 1563 2373 1608 tanto
2387 1561 2424 1608 εει
2438 1557 2487 1608 vir·

493 1653 627 1712 gerentem
647 1649 789 1710 potentiam
809 1647 833 1698 in
861 1647 900 1698 liis
924 1647 1041 1712 oolibae,
1063 1647 1131 1698 circa
1170 1643 1286 1712 animam
1304 1645 1329 1694 in
1351 1643 1465 1708 actibus,
1483 1643 1619 1710 inquibus
1638 1645 1754 1698 consistit
1774 1659 1809 1698 rc·
1847 1643 1894 1698 tuti
1913 1645 2056 1708 proximior
2077 1647 2104 1696 444
2124 1645 2169 1698 474
2196 1659 2250 1710 arg.
2273 1645 2286 1698 4
2310 1641 2373 1698 Vide
2392 1643 2418 1698 V.
2436 1645 2488 1698 lic-

492 1749 559 1802 quos
579 1719 769 1788 consistlt'ria
790 1735 900 1788 iustitiae
920 1737 946 1788 444
979 1733 1029 1786 482
1053 1749 1079 1784 4
1098 1761 1131 1770 --
1171 1733 1269 1786 clitudo
1289 1729 1405 1784 44444444
1424 1729 1476 1784 667
1495 1731 1578 1782 3*-ε
1604 1733 1679 1786 datur
1706 1733 1737 1784 ad
1757 1745 1810 1786 mo·
1848 1727 1980 1786 rancida
2249 1731 2251 1736 ’

492 1825 667 1876 communiter
685 1823 780 1876 dicitur
800 1821 903 1876 liabitas
926 1823 1070 1894 rectificans
1091 1837 1133 1888 po·
1172 1821 1330 1872 dificandnm
1352 1827 1436 1872 actum
1456 1821 1485 1872 lli
1502 1821 1554 1872 623
1571 1823 1811 1886 ares—cansi-
1895 1829 1930 1860 ω·-
1949 1825 1986 1872 cst
2006 1821 2165 1886 principium
2191 1827 2286 1888 motus,
2315 1823 2359 1888 qni
2390 1827 2427 1874 εει
2454 1821 2486 1874 46

494 1915 599 1964 tentiam
620 1913 705 1980 aliqua
726 1913 879 1964 rectitudine
897 1913 1132 1976 instillaretvigo·
1160 1907 1245 1962 ‘derat
1269 1923 1319 1962 non
1340 1911 1425 1962 solum
1447 1915 1549 1974 actum,
1568 1911 1615 1962 sed
1643 1911 1721 1962 etiam
1739 1909 1810 1962 delui·
1848 1907 1934 1960 anima
1956 1917 1980 1960 et
1999 1917 2085 1972 potest
2102 1909 2157 1962 fieri
2176 1917 2245 1962 recte
2266 1917 2489 1962 etnonrectcsa·

492 2013 554 2052 rans
565 2013 624 2052 eam
643 2001 711 2052 circa
727 2001 795 2064 opus
816 2001 921 2052 difficile
934 2001 960 2052 lli
977 1999 1026 2052 488
1043 2001 1067 2052 6.
1082 1999 1132 2052 482
1172 2003 1209 2050 tas
1229 2001 1434 2052 circumstantias
1453 1999 1486 2052 lll
1504 1997 1555 2050 738
1575 2013 1631 2064 444.
1653 2001 1668 2052 4
1848 1997 1965 2050 cundum
1982 1999 2124 2062 imperium
2145 1997 2218 2050 liberi
2237 1999 2337 2052 arbitrii
2351 2001 2378 2052 444
2393 1999 2444 2052 666
2460 1997 2486 2050 4*

492 2085 519 2140 4*
539 2115 573 2128 --
592 2073 1133 2156 Ratiovirtutisrequirit,utbabitasba·
1225 2115 1260 2126 -
1279 2085 1390 2138 suntad
1416 2073 1582 2152 dirigendum
1611 2089 1635 2138 in
1665 2087 1809 2140 actionibus
1847 2083 1881 2124 -'-·
1910 2093 1948 2138 cst
1975 2083 2080 2138 habitus
2106 2089 2270 2140 necessarius
2294 2089 2363 2140 circa
2393 2095 2487 2154 actum,

491 2177 906 2244 beatuliqaamperfectionemet
918 2177 1134 2244 vigoremrespe·
1172 2181 1196 2226 et
1216 2173 1380 2242 passionibus
1402 2175 1428 2226 444
1448 2175 1499 2227 742
1520 2189 1575 2240 arg.
1598 2175 1809 2230 t-consuetu-
1848 2175 2004 2240 circaqucm
2019 2177 2145 2240 contingit
2162 2189 2249 2228 errare
2270 2175 2363 2228 lV3t8
2386 2177 2403 2230 i.
2423 2175 2449 2242 6,
2469 2175 2487 2228 b

493 2273 534 2320 cta
573 2271 646 2318 actus
673 2271 696 2318 ει
725 2265 818 2318 obiecti
849 2267 875 2318 444
905 2263 950 2318 601
984 2265 1018 2332 4*,
1049 2263 1077 2316 2*
1101 2295 1134 2304 -
1174 2265 1265 2316 dinalis
1285 2265 1400 2316 consistit
1419 2265 1486 2316 circa
1504 2267 1619 2318 actiones
1638 2273 1664 2318 et
1676 2267 1810 2328 passiones
1863 2303 1865 2310 ,
1901 2289 1934 2300 —-
1955 2271 1992 2316 est
2011 2263 2154 2328 aequalitas
2173 2265 2240 2316 ritae
2261 2265 2377 2332 undique
2396 2265 2487 2316 rationi

494 2355 683 2422 quaelibetesl
709 2355 833 2418 perfectio
863 2355 993 2420 potentiae
1019 2355 1050 2406 444
1083 2355 1134 2406 806
1174 2353 1200 2404 414
1223 2351 1272 2404 472
1292 2349 1479 2406 2*-ειεεῑε
1496 2359 1536 2406 εει
1554 2355 1579 2404 in
1601 2355 1767 2418 passionibus
1787 2361 1812 2406 ει
1850 2353 2057 2404 consentiensiii
2079 2353 2130 2404 743
2151 2355 2250 2418 arpi.
2270 2353 2487 2418 lfldarg.3.lV

1172 2439 1368 2504 operationibus
1385 2443 1547 2508 optimorum
1566 2445 1700 2508 operativa
1721 2441 1785 2496 iiia.
1849 2439 1900 2494 684
1919 2439 1935 2492 6
1956 2467 1990 2478 -
2009 2445 2048 2492 εει
2066 2441 2198 2508 quaedam
2227 2441 2387 2508 quadratura
2415 2445 2487 2508 spiri·

549 2559 582 2570 -
604 2533 698 2586 dantur
716 2533 838 2598 potentiis
858 2531 890 2586 ad
912 2535 1028 2598 ipsarum
1058 2545 1134 2598 expe·
1226 2529 1443 2582 —dicllactam
1465 2531 1812 2584 4444444441434844-
1849 2529 1923 2582 luatis
1943 2529 2052 2582 aedilicii
2080 2531 2177 2582 ratione
2206 2531 2366 2598 aequalitatis
2396 2535 2487 2584 meniis

494 2619 618 2674 ditionem
636 2619 665 2672 lll
686 2621 737 2672 626
756 2621 773 2672 l.
794 2619 810 2672 4
826 2647 863 2658 -
880 2619 1022 2686 expediunt
1047 2629 1135 2686 poten·
1173 2617 1233 2682 plus
1250 2619 1365 2670 consistit
1382 2621 1527 2672 in‘actione
1547 2621 1573 2672 144
1595 2619 1646 2672 244
1661 2619 1697 2672 4*.
1714 2619 1764 2674 667
1783 2619 1811 2672 3*
1850 2617 1880 2670 lV
1902 2617 1953 2670 684
1973 2619 1989 2670 b

493 2711 540 2762 tias
560 2715 646 2762 cantra
670 2709 786 2764 habitum
813 2711 912 2762 malum
937 2709 972 2762 lV
993 2709 1043 2760 444
1062 2709 1079 2760 b
1100 2737 1133 2746 -
1173 2705 1810 2774 —VirtutibusconformamurClrristoinagen·
1905 2733 1938 2744 —-
1959 2709 2073 2760 consistit
2099 2709 2165 2760 circa
2192 2721 2272 2772 opera
2296 2709 2435 2762 laudabilia
2461 2709 2487 2760 444

493 2799 606 2852 reddunt
624 2799 751 2864 potentias
768 2799 866 2866 faciles,
878 2801 948 2864 ipsas
967 2799 1134 2864 perficiendo,
1174 2795 1812 2852 distorsio-omniumvirtatnmastsacn-
1850 2795 1899 2850 243
1920 2797 1935 2846 i.
1957 2795 2105 2848 2.lV3l8
2128 2795 2178 2850 ts
2205 2823 2239 2836 -
2265 2805 2302 2850 εει
2330 2799 2487 2862 principium
2529 2817 2530 2820 ¹

493 2889 654 2940 removendo
675 2889 793 2954 culpam,
812 2889 860 2940 εε4
878 2901 930 2940 non
944 2889 1036 2940 tollant
1056 2889 1134 2952 impe·
1174 2885 1260 2938 tioium
1282 2885 1366 2940 bonae
1384 2889 1544 2952 operationis
1562 2889 1656 2940 offerre
1674 2889 1700 2940 444
1718 2889 1770 2940 246
1784 2887 1812 2940 2*
1848 2885 1932 2938 laudis
1951 2887 1978 2936 444
1998 2883 2049 2936 476
2069 2885 2088 2938 b
2304 2937 2305 2940 ,

494 2975 608 3030 dimonte
629 2991 659 3028 ex
679 2985 752 3042 parte
770 2973 1135 3042 corpor·isidt'd.·-nondat
1227 3003 1261 3014 -
1280 2975 1408 3030 lledlante
1426 2979 1522 3030 virtute
1542 2979 1623 3042 gratia
1643 2975 1731 3042 dirigit
1749 2977 1811 3030 libe·
1883 2973 2229 3028 7-estcircadiliicilia
2249 2975 2340 3028 44706
2365 2979 2383 3028 ι’.
2408 2979 2431 3028 2.
2459 2977 2486 3028 444

494 3079 588 3116 novam
610 3067 751 3130 potentiam
764 3061 904 3126 voluntati,
920 3063 964 3116 sed
980 3065 1065 3116 solum
1079 3057 1135 3118 red·
1173 3077 1233 3114 rurn
1251 3063 1388 3122 arbitrium
1409 3065 1441 3116 ad
1461 3067 1574 3130 aliquem
1595 3066 1735 3130 specialem
1758 3079 1812 3118 rno-
1850 3065 1900 3116 243
1920 3065 1936 3114 l.
1958 3067 1982 3116 2.
2001 3063 2053 3114 244
2072 3079 2097 3116 4.
2114 3063 2167 3116 644
2186 3065 2203 3114 4.
2225 3063 2248 3116 4.
2261 3063 2312 3118 666
2327 3081 2382 3130 arg.
2398 3065 2421 3118 4.
2435 3065 2486 3116 668

491 3143 529 3204 'dit
548 3167 607 3206 eam
627 3153 728 3218 facilem
748 3153 764 3204 ll
785 3153 836 3204 688
858 3155 904 3204 44
931 3181 963 3192 -
985 3153 1047 3206 dicit
1064 3153 1135 3206 6464-
1175 3161 1229 3204 tum
1249 3155 1266 3204 ll
1287 3153 1338 3204 666
1359 3151 1395 3204 2*.
1416 3153 1466 3206 666
1487 3153 1502 3204 4.
1523 3155 1548 3206 2.
1567 3153 1602 3206 tv
1620 3153 1672 3204 342
1691 3169 1706 3204 a
1725 3181 1759 3192 —
1775 3169 1811 3206 re·
1849 3153 1865 3204 i.
1883 3153 1911 3204 3.
1931 3153 1965 3204 lV
1985 3153 2036 3204 246
2055 3153 2072 3204 f.
2096 3153 2118 3204 6.
2140 3151 2190 3204 402
2211 3153 2236 3204 4.
2257 3153 2289 3204 44
2308 3161 2402 3206 -εει
2419 3155 2487 3206 44444

494 3249 549 3296 turn
568 3243 755 3294 accidentalem
775 3243 793 3294 ll
814 3243 866 3294 604
885 3241 915 3294 4*
1173 3243 1249 3306 spicit
1266 3241 1469 3296 determinatam
1488 3255 1572 3306 genus
1590 3245 1678 3308 operis
1702 3245 1732 3294 444
1759 3243 1810 3296 476
1857 3241 1961 3294 difficile
1979 3245 2004 3294 et
2024 3239 2135 3294 arduom
2156 3243 2181 3294 444
2204 3237 2289 3294 4884.
2309 3243 2336 3308 2,
2354 3243 2378 3308 3,
2400 3243 2424 3294 b.
2434 3243 2482 3294 734

545 3357 580 3372 -·
599 3331 700 3396 perficit
719 3339 745 3384 ει
763 3331 853 3396 dirigit
881 3339 905 3384 ει
935 3331 1134 3384 rectificatalie·
1174 3331 1189 3382 4.
1209 3331 1278 3382 3-
1298 3329 1360 3384 dicit
1378 3333 1812 3396 perlectionempotentiaerespe-
1849 3331 1874 3384 b.
1895 3331 1927 3382 tt
1946 3331 1997 3382 348
2024 3329 2083 3382 46.
2102 3331 2154 3384 763
2174 3331 2191 3382 4.
2212 3333 2239 3396 2,
2261 3333 2285 3382 3.
2304 3329 2357 3384 764
2376 3333 2394 3384 4.
2419 3333 2428 3382 l
2453 3357 2487 3372 -

494 3427 565 3474 ctum
585 3420 615 3472 444
633 3419 685 3472 748
706 3417 744 3472 4*.
762 3417 815 3472 722
835 3421 1052 3474 f.5-suntad
1065 3423 1136 3474 recti·
1171 3419 1214 3470 'ctn
1235 3421 1322 3484 operis
1342 3419 1361 3472 44
1379 3419 1431 3472 643
1449 3417 1474 3486 a,
1496 3417 1522 3470 4*
1543 3423 1584 3458 ’-
1613 3423 1747 3474 44444444
1773 3427 1812 3474 est
1849 3419 1921 3486 Opus
1938 3423 2043 3472 virtutis
2059 3419 2094 3472 de
2112 3435 2142 3474 se
2161 3425 2199 3472 cet
2218 3421 2331 3486 arduum
2345 3427 2369 3474 et
2385 3421 2487 3472 difficile

493 3507 626 3564 litandum
641 3507 657 3560 ll
674 3507 724 3560 667
739 3523 761 3562 a.
775 3509 805 3560 444
816 3507 870 3562 736
881 3523 937 3576 arg.
947 3509 1034 3562 3738
1046 3507 1134 3560 2*740
1173 3513 1246 3560 actus
1258 3509 1389 3562 secundus
1403 3513 1473 3564 ritae
1485 3511 1512 3562 lll
1528 3509 1578 3562 628
1593 3509 1629 3562 3*.
1642 3511 1677 3564 tv
1689 3511 1740 3564 342
1754 3511 1782 3564 d.
1796 3511 1811 3562 6
1849 3513 1865 3562 ll
1886 3507 1937 3558 672
1952 3509 1979 3562 d.
1997 3509 2007 3558 4
2030 3513 2115 3562 -cst
2127 3509 2339 3562 difficillimorum
2353 3511 2486 3574 operativa

490 3597 615 3648 43746
631 3595 657 3648 t*
677 3625 710 3636 --
722 3599 873 3662 regulantes
890 3603 917 3650 et
935 3597 1077 3664 dirigentes
1092 3609 1135 3650 ne·
1225 3625 1259 3636 —
1279 3603 1317 3650 εει
1331 3595 1417 3650 bouus
1427 3613 1491 3652 usus
1505 3601 1645 3670 voluntatis
1658 3601 1675 3652 ll
1689 3597 1737 3652 674
1755 3599 1809 3652 442
1849 3599 1865 3648 44
1881 3597 1934 3648 746
1954 3613 2009 3662 arg.
2031 3599 2046 3650 6
2062 3601 2138 3648 —in
2160 3601 2401 3664 quammaximae,
2420 3599 2487 3650 circa

493 3687 623 3738 cessariae
643 3693 703 3738 sunl
725 3687 759 3738 ad
778 3687 954 3738 ordinandum
974 3689 1077 3740 animae
1103 3687 1134 3738 al·
1172 3717 1204 3724 -
1226 3687 1302 3740 Omni
1320 3689 1418 3740 virtute
1436 3687 1562 3754 contingit
1583 3695 1655 3742 recte
1674 3689 1711 3740 uti
1739 3689 1748 3740 l
1778 3689 1809 3740 32
1850 3693 1983 3750 magnaei
2000 3687 2084 3738 ardna
2103 3687 2220 3740 consistit
2237 3687 2256 3738 ll
2275 3687 2327 3738 746
2348 3685 2422 3740 6*-
2442 3687 2488 3738 Na·

493 3777 618 3828 lectiones
637 3775 666 3826 444
686 3777 737 3828 742
757 3775 786 3828 2*
805 3801 838 3816 -4-
868 3777 1021 3842 generaliter
1052 3789 1148 3852 neces·¹
1173 3777 1190 3828 4.
1208 3777 1233 3842 3,
1253 3777 1270 3828 6
1292 3805 1324 3814 -
1343 3777 1416 3830 Nulla
1436 3777 1530 3830 virtute
1559 3779 1618 3844 quis
1643 3777 1710 3830 male
1731 3777 1809 3830 utitur
1849 3781 1922 3828 turae
1940 3783 2079 3840 corruptae
2093 3785 2130 3828 est
2156 3775 2259 3828 difficile
2279 3777 2414 3840 caotrerari
2438 3777 2488 3828 vir·

493 3867 576 3918 sartae
590 3873 650 3918 strat
669 3865 709 3916 ad
722 3865 920 3918 redificandum
939 3867 1067 3930 potentias
1085 3867 1137 3918 ani·
1172 3861 1204 3918 46.
1226 3879 1280 3930 arg.
1302 3863 1325 3918 4.
1345 3867 1364 3918 44
1382 3867 1434 3918 672
1452 3879 1476 3918 a.
1496 3867 1524 3918 444
1551 3867 1601 3918 488
1626 3881 1683 3932 arg,
1709 3869 1734 3920 2.
1759 3865 1810 3918 736
1849 3865 1894 3918 tati
1915 3869 1938 3916 ει
1958 3867 2055 3930 gratiae
2075 3865 2170 3918 444824
2195 3865 2226 3918 3*

493 3965 554 4004 mae
572 3961 659 4006 contra
674 3955 855 4020 obliquitatem
875 3961 899 4008 ει
911 3955 945 4008 ad
959 3953 1135 4020 vigorandum
1172 3969 1230 4020 arg.
1249 3957 1272 4006 2.
1292 3955 1324 4008 lV
1353 3955 1404 4008 763
1425 3969 1482 4020 arg.
1500 3957 1515 4008 3
1535 3983 1571 3996 -
1594 3955 1740 4008 Virtutibus
1758 3969 1810 4008 non
1902 3967 1938 3992 ε·-
1956 3957 2098 4008 maiorest
2116 3957 2182 4008 circa
2204 3957 2289 4020 magis
2315 3953 2428 4008 arduum
2455 3955 2488 4008 lV

493 4049 581 4094 contra
595 4041 773 4096 difficultatem
788 4041 1136 4096 ida-necessariaesunl
1172 4045 1298 4110 contingit
1316 4045 1383 4096 male
1403 4047 1453 4110 uti,
1474 4047 1535 4112 quia
1562 4047 1634 4110 ipsae
1661 4051 1721 4098 sont
1748 4045 1809 4098 boni
1849 4041 1908 4096 764.
1920 4043 1936 4094 4.
1957 4045 1967 4094 4
1985 4051 2026 4082 ’-
2045 4045 2148 4110 Quanto
2167 4053 2240 4098 actus
2259 4047 2361 4098 uirtutis
2381 4051 2419 4098 est
2443 4043 2489 4096 dil·

495 4131 526 4182 ad
548 4131 1135 4196 redificandumstrigorandumlrominem,
1172 4137 1279 4186 trsuset
1299 4131 1395 4200 quibus
1416 4137 1494 4188 borno
1512 4137 1593 4188 utitur
1612 4135 1754 4188 formaliter
1778 4135 1810 4188 lV
1851 4131 1953 4198 licilior,
1975 4137 2046 4186 tanto
2066 4135 2208 4186 virtuosior
2226 4137 2250 4186 et
2269 4133 2303 4186 ad
2332 4131 2487 4186 merendum

493 4227 572 4284 prout
589 4221 725 4272 ordinatur
745 4217 777 4272 44
797 4221 881 4272 Deum
893 4227 919 4274 et
933 4221 964 4272 ad
986 4223 1134 4286 proximum
1172 4221 1222 4272 202
1245 4219 1271 4272 4*
1291 4251 1325 4260 -
1346 4221 1445 4274 Virtute
1464 4235 1516 4274 nan
1546 4225 1671 4286 contingit
1688 4225 1755 4276 male
1775 4225 1812 4276 uti
1850 4221 2016 4276 etilcacicr‘ll
2037 4221 2088 4278 706
2109 4223 2126 4272 4.
2145 4221 2217 4272 2444
2237 4221 2325 4274 6684.
2345 4223 2368 4272 3.
2399 4221 2487 4274 6606

493 4309 723 4374 ciadseipsom
744 4309 837 4362 444741
864 4311 881 4362 f.
900 4305 1026 4362 47124
1172 4311 1239 4362 sicul
1256 4311 1429 4364 instrumento
1451 4315 1477 4362 ει
1502 4311 1591 4362 babitu
1618 4311 1756 4378 directim,
1777 4317 1812 4364 ta·
1849 4337 1883 4350 -υ
1903 4317 2031 4376 quantam
2049 4309 2082 4362 ad
2104 4311 2281 4362 dillicultalem
2303 4311 2393 4374 operis
2419 4323 2488 4362 nunc

511 4437 512 4440 ,
545 4405 639 4452 -est
656 4399 762 4450 babitus
776 4389 925 4464 'expediens
943 4403 967 4450 ει
988 4399 1096 4450 adiuvat
1110 4401 1134 4452 in
1172 4409 1232 4450 men
1252 4399 1317 4452 sicut
1336 4397 1477 4452 obiectoll
1497 4399 1549 4450 670
1568 4399 1629 4452 di
1694 4389 1695 4392 ’
1850 4403 1910 4452 sunt
1922 4399 2080 4450 efficaciores
2100 4399 2132 4452 ad
2153 4401 2274 4452 meritum
2289 4413 2367 4466 qnam
2381 4401 2408 4452 in
2421 4405 2487 4452 statu
2545 4385 2547 4388 ¹

492 4487 522 4538 iis
541 4497 610 4554 quaa
630 4491 748 4552 speciant
766 4485 800 4538 ad
819 4485 1001 4542 rectitudinem
1014 4485 1083 4538 vitae
1097 4497 1134 4540 εε-
1163 4489 1174 4510 ’·
1223 4495 1404 4554 -quantum
1424 4493 1462 4542 est
1483 4489 1513 4540 de
1534 4503 1575 4554 se,
1595 4487 1811 4554 semperadbo·
1850 4489 2010 4540 innocentiae
2031 4485 2154 4540 447074
2273 4495 2274 4498 ’
2499 4471 2501 4474 ’

492 4575 609 4628 cundum
630 4575 879 4640 regulamltrstitiae
899 4577 927 4628 444
947 4575 994 4628 474
1017 4575 1135 4628 badi·
1172 4587 1235 4628 nona
1253 4577 1343 4642 dirigit
1364 4579 1380 4630 ll
1399 4577 1451 4630 670
1472 4577 1497 4630 4.
1517 4579 1533 4628 2
1553 4579 1708 4644 *proprie
1728 4581 1766 4632 est
1787 4581 1811 4628 in
1902 4583 1994 4630 *est
2017 4579 2085 4628 circa
2115 4577 2232 4644 difficile,
2259 4573 2332 4644 quod
2360 4583 2433 4630 sonat
2462 4577 2487 4628 in

491 4665 580 4728 rigant
597 4667 713 4716 animam
732 4665 759 4716 ln
777 4665 893 4732 actibus,
913 4667 939 4716 in
958 4663 1058 4732 quibus
1076 4673 1135 4716 con'·
1172 4665 1310 4732 dirigendo
1328 4667 1363 4718 ad
1380 4665 1486 4720 bonum
1500 4663 1534 4720 lV
1554 4667 1642 4732 3424,
1663 4665 1812 4720 ili-*Ob-
1851 4665 2036 4732 perfectionem
2056 4665 2190 4718 arduitatis
2209 4666 2237 4718 444
2257 4667 2303 4720 824
2335 4665 2363 4716 4*
2389 4695 2423 4704 -
2449 4671 2488 4718 εει
2536 4659 2545 4664 ”

493 4755 560 4806 sistit
578 4755 705 4812 rectitudo
724 4751 793 4806 ritae
814 4755 840 4806 444
861 4753 912 4808 667
933 4751 961 4806 3*
1044 4789 1046 4792 -
1171 4757 1266 4806 icctnm
1285 4757 1387 4810 virtutis
1406 4763 1445 4810 εει
1464 4757 1606 4808 bonumlll
1625 4757 1674 4808 734
1692 4755 1710 4810 6
1728 4762 1812 4810 -εει
1850 4757 1917 4806 circa
1937 4751 2041 4806 difficile
2054 4765 2174 4820 respecta
2188 4761 2296 4808 naturae
2309 4757 2426 4820 priuatae
2437 4757 2488 4808 vir·

544 4845 684 4896 momnis
703 4851 741 4896 ost
755 4843 886 4910 qtraedam
899 4843 1027 4896 rectitudo
1042 4845 1132 4896 volun·
1172 4851 1292 4908 respectu
1312 4843 1374 4896 boni
1392 4845 1422 4898 lll
1441 4845 1493 4898 676
1511 4861 1567 4912 arg.
1587 4847 1598 4896 4
1622 4875 1658 4884 -
1676 4847 1760 4898 ctnnis
1773 4851 1812 4898 εει
1851 4849 1920 4908 tute,
1939 4853 1990 4896 non
2009 4849 2097 4896 autem
2117 4853 2237 4912 respecta
2251 4851 2359 4898 naturae
2371 4845 2487 4898 clevatae
2553 4901 2554 4904 ,

491 4933 564 4996 tatis,
582 4947 650 4998 quae
670 4933 764 4986 dicitur
782 4935 878 4986 tristitia
897 4935 1026 4998 generalis
1039 4933 1068 4986 444
1081 4931 1112 4984 74
1119 4933 1134 4986 6
1171 4935 1196 4984 44
1214 4933 1316 4986 bonum
1335 4935 1365 4986 lll
1384 4935 1436 4986 472
1454 4933 1494 4986 2*.
1511 4935 1563 4986 666
1582 4947 1638 5002 arg.
1661 4935 1684 4986 4.
1703 4935 1738 4988 lV
1760 4933 1812 4986 402
1850 4929 1912 4986 idid.
1929 4941 1965 4970 -’
1985 4933 2086 4984 Homini
2105 4935 2258 4986 virtuosein
2273 4939 2340 4986 statu
2355 4935 2488 5000 perfectio·

491 5019 520 5074 4*
536 5047 575 5060 -
591 5029 632 5076 εει
649 5021 684 5074 de
702 5037 730 5074 se
750 5023 915 5076 rectificatira
936 5025 1029 5076 mentis
1049 5011 1134 5076 elvia
1171 5021 1197 5074 d.
1217 5021 1251 5074 44
1268 5047 1306 5062 ··-
1324 5037 1376 5076 non
1394 5025 1481 5076 omnis
1505 5023 1583 5076 babet
1609 5023 1743 5076 obiectum·
1765 5023 1813 5076 bo·
1850 5025 1889 5074 nis
1909 5023 1995 5074 omnia
2014 5023 2279 5088 efficiuntariacilia,
2299 5025 2345 5076 sed
2369 5025 2395 5074 in
2420 5029 2487 5076 stata

491 5109 588 5176 salutis,
609 5111 643 5162 ita
662 5109 734 5178 quod
755 5109 925 5166 nullomodo
945 5109 977 5164 de
992 5125 1019 5164 se
1032 5111 1134 5162 ordina·
1171 5125 1245 5178 attin,
1263 5113 1311 5164 sed
1329 5117 1418 5166 actum
1436 5113 1537 5172 bonum
1557 5113 1653 5166 fvsis
1676 5109 1703 5164 3*
1715 5141 1751 5150 -
1764 5115 1812 5164 nli·
1851 5109 1983 5178 prolectas
2001 5111 2079 5164 matta
2100 5117 2160 5164 sunt
2178 5115 2200 5164 ei
2222 5113 2334 5166 diflicilia
2353 5109 2385 5166 46.
2406 5113 2421 5164 3

491 5205 531 5252 tur
551 5199 584 5250 ad
603 5201 756 5264 oppositum
775 5201 804 5250 444
825 5199 877 5250 482
896 5197 926 5250 6*
948 5199 1134 5252 -4444444444
1171 5201 1810 5268 cuiusrirtotisasusestrespectumaliculpae,
1904 5227 1938 5238 -
1958 5199 1995 5252 De
2013 5203 2125 5252 essentia
2144 5203 2246 5254 virtutis
2264 5193 2304 5256 est
2331 5203 2485 5268 difficultas,

491 5289 594 5340 virtutis
614 5289 729 5340 consistit
742 5291 768 5340 in
781 5289 876 5340 ordine
895 5289 1025 5354 potentiae
1038 5289 1073 5340 ad
1085 5289 1134 5340 ob-
1172 5287 1279 5342 alicuius
1308 5293 1507 5354 respectnmali
1530 5287 1785 5356 psalmistis
1851 5283 2007 5358 4444444444
2026 5279 2488 5358 rx'geaereoperiqsedneumae

491 5379 586 5430 lectum
605 5377 634 5430 444
653 5375 705 5430 740
725 5377 756 5430 4*
906 5391 908 5394 ·
1225 5379 1410 5432 —Virtutum
1431 5385 1468 5430 εει
1494 5379 1624 5432 declinare
1651 5395 1666 5432 a
1694 5381 1763 5432 malo
1789 5385 1814 5432 ει
1851 5379 1922 5432 uenit
1940 5391 1971 5430 ex
1997 5379 2098 5430 delecto
2123 5381 2269 5446 operantis,
2299 5397 2367 5448 quae
2396 5379 2488 5432 accidit
2548 5387 2550 5392 '

543 5471 638 5518 -est
655 5465 761 5520 babitus
788 5461 934 5532 periectas,
954 5469 1015 5532 quia
1034 5467 1135 5520 baben-
1172 5469 1256 5520 iacere
1279 5467 1380 5520 bonum
1409 5449 1506 5522 444744
1538 5469 1575 5522 3*.
1601 5469 1633 5524 lli
1661 5469 1710 5522 836
1733 5469 1760 5522 2*
1778 5493 1814 5508 -
1851 5469 1937 5520 uirtuti
1957 5467 2048 5518 44746
2075 5465 2106 5518 6*
2126 5493 2164 5506 -
2188 5469 2327 5520 biiticultas
2356 5483 2386 5522 ex
2415 5475 2488 5534 parte
2575 5517 2576 5520 ,

490 5559 541 5606 tem
563 5553 663 5620 perlicit
683 5555 715 5608 tt
736 5555 786 5606 443
807 5567 865 5620 arg.
885 5557 899 5606 3
1171 5557 1218 5610 Per
1238 5559 1361 5610 virtutem
1382 5557 1492 5612 declinat
1511 5559 1700 5612 bomoamato
1719 5565 1813 5612 etten-
1852 5557 1984 5622 operantis
2002 5557 2136 5622 minuitur,
2159 5563 2255 5624 quanto
2280 5561 2365 5622 magis
2393 5559 2488 5624 aliquis

543 5643 678 5694 -Actus
696 5647 825 5698 virtutum
843 5651 884 5698 εει
902 5645 927 5696 in
947 5643 1085 5700 formando
1099 5645 1132 5698 lli
1171 5645 1371 5700 ditinhonom
1397 5649 1405 5698 l
1427 5647 1476 5700 668
1497 5649 1812 5712 4446-4444444444
1849 5643 1952 5712 proiicit
1971 5647 2112 5698 invirtute
2131 5646 2149 5696 ll
2168 5643 2347 5700 7476*-44
2366 5653 2432 5700 statu
2452 5649 2488 5700 in·

473 5731 537 5800 324
563 5729 723 5784 4*-εεει
742 5733 987 5786 adreiormandnm
1007 5735 1134 5802 potentias
1171 5737 1236 5788 sistit
1250 5739 1316 5790 circa
1328 5737 1481 5790 electionem
1494 5737 1556 5790 boni
1570 5743 1593 5790 ει
1607 5739 1695 5802 fugam
1709 5737 1770 5790 mali
1784 5739 1812 5790 444
1851 5735 1985 5788 nocentiae
2004 5735 2094 5788 luisset
2114 5735 2250 5788 difficultas
2268 5739 2388 5802 virtutis,
2420 5751 2488 5804 quae

491 5821 593 5872 animae
622 5817 720 5872 444742
750 5835 804 5886 arg.
836 5821 850 5872 3
876 5819 939 5874 Vide
960 5821 992 5874 V.·
1013 5823 1136 5878 Potentia
1170 5821 1279 5874 74644
1303 5819 1366 5874 Vide
1388 5821 1416 5874 V.
1436 5817 1819 5892 lustitia-cirins·pancratis
1850 5823 1923 5876 uenit
1940 5829 2094 5886 cx'genere
2113 5825 2211 5888 operis,
2233 5823 2278 5876 εε4
2299 5839 2351 5878 non
2369 5841 2400 5878 ea
2420 5841 2488 5892 quae

393 5913 395 5916 ’
489 5907 654 5964 -cotorcta's
981 5945 982 5948 ,
1223 5937 1260 5950 -
1278 5911 1326 5964 Per
1343 5913 1454 5964 virtutes
1472 5917 1512 5964 εει
1536 5911 1622 5964 444444
1648 5911 1749 5964 bonurn
1778 5913 1812 5966 tv
1850 5913 1922 5966 venit
1940 5923 1970 5964 ex
1991 5913 2092 5964 defecta
2113 5915 2244 5978 asserentis
2261 5913 2323 5968 ibid.

543 5997 684 6052 -firmat
709 6001 823 6052 animam
841 6005 867 6052 et
885 5999 1010 6054 rectificat
1032 5999 1063 6052 lli
1082 5999 1134 6052 666
1172 5997 1223 6050 327
1243 5999 1260 6050 i.
1287 5997 1314 6050 2.
1340 5999 1392 6050 328
1417 5997 1437 6052 6
1459 6021 1495 6038 -—·
1518 5999 1642 6052 ordinant
1670 6001 1703 6054 ad
1732 6015 1812 6066 opera
1856 6003 2099 6054 ρ8--νειεείεεει
2112 6015 2186 6054 amor
2198 6001 2217 6054 ll
2231 6003 2281 6054 668
2295 6015 2351 6066 arg.
2363 6003 2387 6054 6.
2399 6003 2449 6056 672
2465 6019 2489 6056 4.

491 6087 510 6138 i.
529 6087 545 6138 6
563 6113 598 6128 -
618 6091 732 6140 animam
753 6089 876 6142 rectificat
894 6095 919 6142 et
939 6103 1018 6154 super
1037 6085 1136 6142 secle-
1168 6087 1241 6140 ¹bona
1261 6089 1278 6138 ll
1299 6083 1350 6140 664
1370 6097 1393 6140 ε.
1412 6087 1446 6142 tt
1465 6085 1500 6140 27
1518 6087 1552 6142 br
1570 6091 1621 6142 3l8
1640 6087 1711 6142 b·—
1730 6093 1812 6146 Actu's
1850 6093 1878 6144 444
1898 6089 1950 6166 476
1968 6087 2400 6156 erg.a-onrnibusvirrutinus
2420 6107 2488 6146 corn·

490 6183 535 6228 vat
554 6175 582 6228 444
602 6177 654 6228 666
674 6177 693 6230 6
710 6201 746 6218 -υ
766 6191 857 6230 omnes
872 6181 999 6246 gratuitae
1018 6165 1134 6246 quodam
1171 6177 1284 6230 uirtutis
1303 6177 1428 6230 elicientis
1454 6179 1541 6244 ipsam
1570 6183 1609 6242 est
1627 6181 1711 6234 bonas
1733 6195 1762 6234 ex
1781 6195 1811 6234 se
1850 6183 1941 6234 munis
1954 6184 1981 6233 ει
2007 6181 2136 6246 generalis
2156 6185 2194 6234 est
2219 6181 2325 6248 quidam
2355 6169 2431 6234 amor
2458 6183 2487 6236 444

490 6265 572 6318 modo
590 6267 694 6322 elevant
705 6273 821 6320 mentem
833 6267 861 6318 444
876 6267 927 6320 676
941 6267 958 6320 4.
971 6267 987 6318 6
1001 6291 1036 6308 *-
1049 6269 1135 6322 elevat
1171 6267 1191 6320 ll
1209 6265 1260 6318 472
1280 6265 1325 6318 4*
1343 6257 1345 6262 ’
1850 6269 1899 6324 622
1921 6267 1949 6322 3*
1967 6297 2000 6308 -4-
2011 6277 2061 6342 εει
2078 6285 2153 6322 amor
2172 6269 2305 6324 ordinatus
2317 6251 2412 6322 444476
2431 6285 2487 6336 arg.

492 6359 636 6420 potentiam
655 6357 688 6408 ad
708 6351 814 6424 aliquod
829 6367 956 6422 magnum
976 6365 1002 6412 ει
1020 6357 1134 6410 arduam
1223 6355 1359 6408 -tendit
1379 6357 1545 6410 solummodo
1570 6361 1593 6410 in
1622 6351 1811 6426 bonu1n=,'non
1850 6363 1876 6414 2.
1903 6357 1953 6410 476
1979 6373 2001 6412 4.
2025 6357 2076 6412 477
2105 6357 2177 6410 6-
2199 6359 2294 6412 dicitnr
2317 6373 2392 6410 amor
2421 6361 2491 6414 ordi

489 6445 509 6496 ll
529 6445 613 6498 2264
634 6469 667 6486 -
687 6447 833 6498 necessaria
860 6453 900 6500 est
924 6447 959 6500 ad
977 6447 1134 6500 elevandam
1170 6447 1258 6498 salum
1277 6447 1353 6498 cuius
1372 6445 1501 6498 motivum
1525 6453 1569 6500 εει
1582 6447 1684 6500 bonam
1702 6447 1754 6502 sub
1772 6461 1811 6500 ra·
1848 6451 1924 6500 natas
1942 6461 2115 6512 percausam
2134 6447 2163 6498 144
2184 6447 2232 6500 aar
2255 6445 2283 6498 6.
2303 6447 2355 6498 622
2375 6443 2405 6498 3*
2441 6479 2442 6482 =

488 6533 632 6600 potentiam
650 6537 659 6586 l
679 6533 760 6588 464.
779 6535 813 6586 46
1073 6565 1075 6574 ι
1169 6537 1240 6588 44444
1259 6533 1398 6600 benesed
1416 6535 1555 6588 etiamilla
1580 6539 1655 6588 cuius
1682 6539 1825 6590 motivum
1901 6557 1938 6576 --
1956 6535 2094 6590 llectitudo
2114 6537 2216 6588 uirtutis
2230 6549 2280 6588 non
2294 6537 2331 6586 sic
2347 6537 2488 6588 attenditur

542 6647 580 6664 -·*·
597 6631 657 6678 sunt
676 6625 863 6690 perfectiones,
884 6627 908 6678 in
929 6617 1026 6692 quibus
1043 6617 1084 6678 εε4
1102 6621 1134 6678 si·
1171 6615 1251 6678 babet
1262 6633 1368 6690 sempor
1380 6623 1479 6676 bonurn
1490 6623 1538 6678 sibi
1550 6623 1708 6678 substratum
1719 6625 1811 6678 444678
1849 6639 1931 6690 penes
1949 6639 1979 6678 ea
1999 6637 2067 6690 quae
2078 6631 2139 6678 sant
2149 6625 2313 6690 cognitionis,
2326 6625 2394 6676 sicot
2408 6629 2488 6690 penes

488 6713 609 6766 militudo
629 6713 778 6766 imitationis
795 6723 857 6766 cam
878 6715 932 6768 Deo
952 6715 970 6768 44
991 6713 1040 6766 440
1061 6723 1077 6768 a
1097 6737 1134 6754 -ω
1171 6711 1341 6768 4*-4εε44ι
1359 6715 1386 6764 in
1398 6711 1467 6764 bana
1487 6715 1629 6780 spiritualia
1643 6715 1673 6768 444
1688 6717 1739 6768 682
1753 6715 1806 6768 dl
1848 6729 1880 6768 ea
1889 6729 1958 6780 quae
1967 6717 2028 6766 sant
2042 6715 2184 6768 allectionis
2196 6715 2225 6766 ill
2240 6711 2289 6764 477
2300 6711 2327 6764 6.
2339 6711 2391 6764 667
2411 6705 2488 6766 2*-

490 6803 538 6856 Per
565 6805 674 6856 virtutes
705 6805 885 6870 configuratur
911 6807 999 6856 anima
1026 6805 1082 6858 Deo
1099 6805 1134 6858 tv
1223 6801 1647 6870 *propriediciturrectarntio
1661 6803 1813 6870 perducens
1850 6801 1959 6868 possunt
1978 6813 2025 6870 per
2038 6803 2277 6868 appropriationem
2292 6789 2425 6868 quandam
2435 6817 2489 6854 rna·

490 6891 541 6944 442
567 6905 624 6956 arg.
645 6893 654 6942 l
678 6921 713 6930 -
739 6893 786 6946 Per
810 6893 934 6948 virtutem
960 6897 1075 6948 creatam
1092 6879 1140 6948 ie?
1171 6893 1197 6944 in
1215 6891 1294 6946 linem
1315 6889 1332 6942 ll
1352 6891 1403 6944 672
1424 6903 1449 6942 4.
1465 6890 1497 6942 lll
1515 6891 1566 6942 488
1585 6889 1611 6942 6.
1631 6891 1683 6944 746
1698 6887 1740 6944 rt
1824 6901 1825 6936 1
1850 6883 1890 6960 gis
1909 6893 2001 6946 referri
2024 6893 2199 6944 adaiiectom
2218 6891 2318 6944 444736
2338 6891 2364 6944 6.
2382 6885 2437 6944 737
2454 6891 2484 6946 6.
