5784 8384
1195 611 1308 678 thoti
1329 613 1487 680 ratitos

623 1313 688 1364 ilat
1979 1325 2044 1376 itur

392 1399 549 1452 444444-
568 1405 604 1450 444
626 1399 716 1460 torma,
737 1411 788 1464 qua
810 1397 980 1466 unumquod-
1070 1427 1105 1438 -
1124 1407 1263 1464 generatur
1289 1401 1315 1454 lll
1343 1403 1392 1454 488
1421 1403 1437 1454 4.
1456 1402 1480 1468 4,
1502 1403 1515 1454 8
1541 1401 1602 1456 Vide
1624 1403 1652 1456 V.
1691 1403 1764 1458 44444
1783 1405 2069 1478 meidio-opens
2089 1415 2114 1464 in
2134 1413 2220 1466 indice
2238 1425 2327 1476 gener.

340 1501 392 1554 que
410 1495 450 1540 est
468 1487 495 1538 44
514 1487 585 1552 quod
605 1491 644 1538 est
662 1487 686 1538 V
704 1485 738 1538 65
758 1485 977 1538 b-estearum
1016 1487 1159 1544 (4444444444
1179 1487 1198 1542 9
1216 1491 1241 1540 44
1261 1489 1347 1540 Indice
1367 1505 1455 1556 gener.
1690 1519 1725 1532 -
1745 1491 1840 1560 Omne,
1861 1497 1932 1562 44444
1950 1505 1989 1550 444
2012 1499 2098 1566 aliqua
2126 1507 2231 1566 natura,
2250 1499 2329 1552 habet

339 1589 443 1640 rerum,
462 1589 529 1640 qtrae
551 1589 611 1628 com
630 1575 822 1640 sint,t1uoquo
841 1575 921 1628 modo
941 1577 977 1626 in·
1069 1603 1104 1616 -
1124 1577 1172 1628 Ubi
1191 1577 1343 1642 suotplura
1365 1579 1465 1632 realiter
1493 1579 1652 1646 plurllicata,
1690 1585 1867 1646 operationem
1887 1589 2030 1638 naturalem
2049 1589 2067 1641 ll
2089 1589 2139 1640 566
2160 1589 2212 1640 4.4

340 1665 441 1716 tellecta
461 1665 520 1728 capi
540 1664 696 1728 4444444414
717 1663 768 1716 430
787 1679 843 1728 arg.
865 1663 979 1716 t-est
1015 1666 1104 1730 plures
1124 1671 1184 1718 sunt
1202 1669 1329 1718 essentiae
1348 1667 1372 1718 V
1392 1667 1425 1718 t3
1444 1669 1461 1720 i.
1482 1669 1497 1718 8
1515 1669 1653 1722 -Essen
1745 1697 1781 1710 ·-
1800 1673 1921 1737 producit
1939 1675 1988 1726 sibi
2017 1677 2101 1728 simile
2128 1679 2248 1740 pervim
2278 1673 2325 1726 sibi

338 1765 556 1818 unamquemque
569 1765 624 1802 4444
639 1751 781 1802 informans
795 1751 916 1814 44444444
931 1751 975 1802 dit·
1014 1755 1200 1820 tiaeipsarum
1219 1769 1308 1806 rorum
1327 1757 1352 1806 in
1373 1757 1452 1810 rebus
1481 1759 1654 1824 multiplicatr—
1689 1759 1777 1812 datam
1798 1763 1814 1814 ll
1835 1763 1884 1814 443
1905 1761 1933 1816 5*
1952 1765 2126 1826 -producit
2139 1763 2187 1816 sibi
2205 1763 2289 1816 simile
2302 1767 2327 1814 44

338 1841 444 1892 terentia
464 1839 525 1892 ibid.
541 1839 591 1892 453
605 1837 641 1892 3*.
657 1839 679 1890 V
693 1839 726 1890 65
741 1855 753 1890 a
768 1853 810 1906 sq.
824 1865 859 1878 -
872 1843 909 1890 est
922 1853 978 1904 spe·
1015 1851 1070 1908 tur,
1088 1847 1149 1910 quia
1176 1845 1239 1908 ipsis
1266 1845 1347 1896 rebus
1372 1847 1524 1898 intrinsecae
1551 1853 1611 1898 sunt
1629 1849 1652 1900 V
1689 1851 1798 1918 aequale
1817 1853 1825 1904 l
1847 1849 1897 1902 544
1918 1867 1931 1902 4
1950 1881 1986 1890 —-
1999 1853 2119 1916 producit
2132 1851 2216 1904 simile
2228 1853 2252 1902 in
2267 1863 2327 1916 spe-

338 1929 410 1980 44444
431 1929 586 1994 differentia,
607 1941 657 1980 non
672 1925 809 1994 abstracta,
822 1927 867 1978 sed
882 1929 906 1978 in
921 1941 978 1992 par·
1015 1931 1049 1982 44
1068 1927 1097 1982 3*
1691 1941 1731 1992 050
1750 1941 1766 1990 44
1789 1937 1839 1990 444
1858 1941 1874 1988 s,
1894 1941 1920 1990 2,
1939 1939 1990 1990 444
2009 1955 2024 1990 a
2043 1967 2077 1978 -
2103 1941 2127 1990 tn
2155 1939 2325 2006 productione

338 2021 438 2072 ticulari
455 2021 583 2072 veracitet·
602 2021 711 2072 existens
732 2021 758 2070 lll
779 2021 825 2072 434
851 2019 879 2070 4*
1067 2021 1145 2072 -io
1170 2021 1308 2084 supposito
1333 2021 1412 2076 habet
1435 2023 1599 2090 multiplicari
1625 2027 1652 2078 lll
1690 2027 1800 2080 naturali
1818 2025 1974 2090 producitur
1990 2027 2081 2078 similis
2100 2031 2124 2078 iu
2145 2027 2288 2080 substantia
2300 2033 2325 2080 44

389 2135 425 2148 -
444 2109 544 2160 Veritas
565 2113 671 2174 naturae
691 2107 830 2162 attenditur
849 2113 975 2174 quantum
1016 2109 1066 2158 l88
1086 2109 1113 2162 b.
1132 2109 1183 2162 489
1204 2109 1286 2160 4*-
1305 2111 1653 2180 Essentlacreatamultipli-
1689 2121 1779 2166 notura
1800 2113 1860 2164 158
1880 2111 1909 2164 4*
1929 2115 2325 2180 -Quodnasciturcxaliquo

338 2199 371 2250 ad
392 2199 525 2262 44444444
546 2199 656 2250 sormam
679 2197 775 2248 444430
797 2197 977 2248 444-4444·
1013 2201 1125 2248 catorio
1144 2201 1650 2264 444444444444474.4684-444444
1688 2209 1836 2254 estuatura
1856 2203 1996 2254 conformis
2015 2215 2074 2252 cunt
2102 2215 2132 2252 eo
2152 2215 2182 2252 cx
2208 2215 2261 2268 quo
2281 2215 2325 2252 oa-

338 2289 408 2352 pltur
429 2299 476 2350 pro
497 2299 558 2336 vcra
578 2287 686 2338 materia
705 2291 731 2336 ct
755 2299 818 2336 vera
844 2285 927 2338 lorma
946 2285 974 2336 lll
1013 2285 1092 2338 habet
1117 2289 1281 2352 multiplicari
1307 2291 1330 2340 44
1352 2289 1462 2342 dirersis
1488 2293 1608 2356 personis
1623 2291 1651 2342 444
1687 2291 1767 2342 scitur
1785 2291 1812 2342 lll
1835 2289 1883 2340 486
1904 2291 1922 2342 4.
1940 2291 1955 2342 6
1976 2315 2010 2328 -··
2029 2293 2115 2354 Agens
2135 2283 2189 2354 tter
2204 2297 2324 2342 naturam

338 2375 383 2426 434
407 2389 475 2426 4-
494 2375 555 2426 44444
574 2375 699 2438 principio
719 2375 908 2438 constituentia,
931 2375 969 2426 vel
1014 2373 1065 2426 448
1085 2375 1110 2426 d.
1131 2375 1156 2426 4.
1177 2375 1197 2428 V
1217 2375 1251 2428 65
1271 2375 1289 2430 b
1312 2405 1349 2416 --
1372 2381 1397 2430 44
1424 2377 1588 2432 interioribus
1609 2393 1652 2428 no·
1688 2379 1808 2442 producit
1826 2379 1875 2430 sibi
1895 2379 2005 2430 similem
2025 2377 2170 2430 secundom
2187 2381 2323 2432 veritatem

335 2463 447 2514 tormanr
467 2463 653 2528 completivam
674 2461 700 2514 444
722 2461 771 2514 453
793 2459 821 2514 3*
1013 2469 1128 2516 meretur
1151 2467 1178 2516 in
1203 2451 1345 2532 suppositis
1370 2473 1395 2518 et
1418 2467 1585 2530 distinguitur
1605 2479 1652 2530 per
1688 2467 1704 2516 ll
1727 2465 1777 2516 808
1802 2481 1816 2516 4
1847 2465 1908 2518 Vide
1936 2467 1977 2524 V.
1991 2465 2131 2522 6444444444
2151 2463 2185 2532 8,
2207 2463 2272 2520 444
2294 2465 2323 2518 V.

389 2579 424 2588 -
443 2551 537 2604 dicitur
556 2553 689 2616 tripliciter
707 2553 763 2602 sire
779 2553 900 2618 proprie,
919 2553 975 2604 slve
1012 2555 1206 2618 generationem
1229 2555 1235 2606 l
1256 2555 1306 2608 449
1327 2555 1407 2620 4*,8*
1425 2585 1460 2594 -
1481 2555 1594 2606 Esseotia
1607 2567 1651 2606 ue·
1687 2553 1832 2610 Productio
1851 2557 1875 2606 iu
1896 2555 1982 2606 lodice
2000 2569 2091 2618 gener.

339 2641 411 2706 large
431 2641 447 2692 ll
468 2639 518 2692 876
539 2641 565 2692 d.
585 2643 600 2692 8
1011 2645 1125 2696 cessario
1145 2645 1306 2708 plurificatur
1323 2645 1349 2696 in
1369 2651 1509 2708 generante
1527 2651 1554 2696 et
1571 2657 1650 2708 genc-
1741 2671 1774 2680 -
1793 2643 1865 2696 Actio
1883 2645 2006 2696 naturalis
2026 2648 2064 2696 est
2087 2643 2119 2694 ad
2146 2643 2322 2708 generandam

388 2731 510 2780 -tertia
524 2731 689 2782 constituitur
701 2731 726 2780 44
742 2731 835 2782 unione
849 2729 972 2798 duarum,
1011 2735 1067 2784 rato
1096 2739 1278 2798 praeterquam
1305 2735 1328 2784 in
1357 2735 1410 2784 Deo
1436 2735 1442 2784 4
1466 2731 1517 2784 666
1537 2731 1562 2784 4.
1582 2731 1597 2782 4
1616 2759 1651 2770 ·-
1687 2735 1801 2798 speciem
1829 2733 1990 2784 consimilem
2018 2733 2043 2782 in
2069 2745 2146 2796 passo
2174 2731 2322 2784 seeundum

336 2831 404 2882 44444
418 2817 513 2880 haberit
526 2825 643 2870 mutuam
658 2821 857 2882 repugnantiam
877 2823 903 2870 et
923 2833 973 2870 non
1010 2819 1158 2872 Substantia
1181 2823 1288 2872 omnino
1313 2821 1404 2872 eadem
1431 2823 1455 2870 in
1481 2823 1573 2874 creatis
1599 2833 1649 2872 non
1688 2829 1807 2874 naturam
1827 2823 1860 2874 lV
1879 2821 1932 2874 934
1952 2819 2139 2886 t*-ageus
2153 2835 2199 2884 444·
2213 2819 2321 2872 modum

335 2905 501 2960 excellentem
521 2907 783 2972 praedomiuaotiam,
797 2907 837 2958 rel
853 2921 921 2972 quae
933 2909 976 2958 ha-
1012 2909 1182 2972 participatur
1201 2923 1216 2960 a
1238 2907 1357 2972 pluribus
1377 2909 1383 2958 1
1406 2909 1457 2962 807
1478 2909 1502 2960 d.
1523 2909 1549 2960 5.
1567 2909 1650 2962 aoth
1687 2916 1794 2964 naturae
1811 2910 1995 2974 datproducto
2009 2913 2181 2976 proprietates
2194 2910 2323 2962 naturales

335 2993 397 3046 bent
423 2995 542 3046 mutuam
567 2993 766 3058 dependendam
786 2995 816 3046 444
836 2995 885 3046 458
905 3009 920 3044 4
939 3021 974 3068 -7
1010 2999 1178 3048 —Essentia
1193 3009 1243 3048 non
1258 3001 1413 3058 potestesse
1426 2999 1449 3046 44
1467 2997 1586 3062 pluribus
1600 3011 1649 3050 uua
1687 2999 1834 3050 consimiles
1854 2999 1861 3050 l
1880 2999 1932 3050 804
1952 3013 2006 3062 arg.
2028 2999 2097 3048 3-
2116 3005 2244 3062 utageos
2264 3013 2322 3062 par·

335 3083 425 3146 plures
444 3095 495 3134 oon
515 3087 625 3146 possunt
643 3083 799 3134 constituere
818 3095 897 3134 unam
919 3083 974 3134 siue
1010 3089 1037 3134 et
1055 3089 1105 3134 tota
1126 3087 1133 3134 l
1154 3085 1199 3134 481
1224 3099 1237 3134 a
1257 3099 1299 3150 sq.
1685 3087 1793 3138 ticulare
1810 3087 1932 3148 producit
1955 3087 2039 3138 simile
2063 3089 2089 3138 in
2117 3087 2322 3152 proprietatibus

335 3173 549 3223 transmutatione
568 3179 593 3222 et
613 3171 795 3236 conversione,
810 3183 861 3234 qrra
876 3171 902 3220 lit
915 3167 975 3222 con·
1064 3199 1100 3208 υ-
1119 3173 1194 3236 Quod
1208 3179 1301 3224 natura
1315 3177 1468 3224 numeretur
1480 3175 1503 3224 in
1519 3171 1647 3238 pluribus,
1685 3173 1845 3236 specialibus
1864 3175 1871 3224 l
1891 3173 1941 3224 805
1963 3173 2043 3226 3*-
2062 3173 2138 3240 Quod
2157 3183 2259 3226 emanat
2276 3189 2323 3240 per

335 3259 462 3310 venientia
484 3261 508 3310 io
528 3257 612 3308 torma
630 3255 701 3322 ibid,
724 3257 753 3308 3*
1011 3267 1050 3314 444
1067 3273 1099 3310 ex
1118 3259 1219 3314 delectu
1240 3259 1410 3324 simplicitatis
1429 3263 1437 3312 l
1457 3259 1491 3312 53
1508 3261 1528 3312 4.
1547 3261 1649 3312 3--44
1685 3263 1794 3314 modum
1814 3271 1921 3314 naturae
1938 3265 2043 3312 emanat
2061 3275 2108 3326 per
2132 3261 2247 3318 modum
2267 3275 2324 3326 per·

389 3375 424 3386 --
443 3347 468 3398 ln
491 3353 579 3398 444444
600 3351 639 3398 444
652 3345 974 3416 4444444444444444444444
1011 3347 1131 3414 pluribus
1151 3347 1302 3402 hominibus
1321 3363 1372 3400 non
1391 3347 1592 3414 diversificatur,
1613 3353 1650 3400 ta·
1685 3353 1765 3404 lectae
1785 3355 1809 3402 44
1830 3363 1969 3414 expressae
1992 3349 2167 3402 similitudinis
2185 3352 2193 3401 4
2215 3349 2264 3400 496
2285 3347 2322 3402 3*.

336 3435 360 3488 V
380 3437 426 3488 384
451 3437 465 3486 8
1013 3451 1072 3488 nreo
1094 3437 1279 3502 multiplicatur
1298 3439 1314 3488 ll
1336 3437 1386 3488 404
1406 3435 1435 3488 3*
1685 3437 1737 3490 544
1756 3453 1780 3502 4,
1799 3437 1815 3490 0

388 3551 424 3564 -
442 3525 723 3576 Essentlanondlllcrt
741 3521 773 3576 ab
794 3537 824 3576 eo
844 3525 919 3576 euius
936 3531 975 3576 est
1065 3553 1098 3564 -
1118 3525 1179 3580 dicit
1197 3527 1235 3578 rei
1253 3527 1409 3592 essentiam,
1430 3527 1471 3578 rel
1490 3527 1648 3590 operationis
1739 3555 1773 3566 -
1793 3527 1839 3578 Per
1859 3533 1978 3582 naturam
1996 3527 2081 3578 sintile
2103 3541 2133 3578 ex
2159 3527 2234 3578 simili
2261 3539 2322 3590 pro·

335 3615 445 3666 essentia
466 3613 494 3664 lll
515 3611 565 3664 483
584 3627 640 3678 arg.
662 3613 671 3662 4
1012 3617 1172 3680 principium
1189 3615 1197 3666 l
1218 3613 1269 3666 547
1291 3611 1317 3664 8*
1337 3641 1372 3654 -
1391 3615 1452 3672 dicit
1465 3617 1574 3668 iormam
1589 3615 1648 3668 sub·
1685 3615 1789 3668 ducitur
1808 3617 1815 3668 l
1836 3615 1885 3666 803
1907 3615 1923 3666 4.
1943 3613 1969 3668 4.
1987 3617 2004 3666 44
2026 3617 2070 3668 804
2095 3629 2151 3680 arg.
2171 3613 2195 3666 5.
2219 3615 2272 3668 764
2292 3613 2320 3666 6*

386 3729 423 3740 -
442 3701 503 3754 dicit
527 3701 592 3768 quid
612 3715 753 3754 commune
771 3701 799 3752 lll
820 3699 866 3752 474
891 3701 920 3752 4*
937 3729 974 3740 -—
1010 3705 1154 3758 stantialem
1175 3705 1199 3754 in
1217 3705 1413 3768 comparatione
1425 3701 1457 3754 od
1472 3705 1647 3770 operationem
1738 3731 1775 3742 -
1793 3705 1906 3768 perlecta
1919 3707 2003 3768 potest
2017 3703 2163 3768 producere
2182 3703 2231 3756 sibi
2250 3705 2322 3756 slmi-

336 3791 397 3842 dicit
416 3793 502 3854 ipsum
522 3803 663 3842 commune
683 3791 699 3842 ll
719 3791 770 3842 789
794 3787 819 3842 4*
838 3791 974 3854 -44444-
1011 3795 1146 3858 propriam
1168 3793 1241 3844 4554
1265 3791 1291 3844 d.
1310 3791 1326 3844 5
1346 3821 1379 3830 -
1399 3793 1514 3844 nominat
1540 3793 1575 3844 rei
1601 3794 1649 3844 ior·
1684 3793 1737 3844 lem
1755 3795 1763 3844 l
1784 3793 1830 3846 854
1855 3807 1911 3858 arg.
1931 3793 1945 3842 3
1973 3791 2033 3846 Vide
2055 3793 2082 3844 V.
2098 3791 2239 3848 6444444444
2259 3789 2280 3846 6
2297 3801 2322 3848 44

333 3887 382 3930 nat
400 3879 511 3932 lorntarn
538 3891 705 3932 communem
727 3879 749 3928 V
768 3879 804 3930 64
822 3881 838 3930 4.
860 3881 929 3930 3-
947 3881 972 3932 44
1010 3895 1080 3934 mam
1101 3889 1187 3936 entem
1206 3883 1232 3932 in
1252 3887 1321 3934 motu
1342 3887 1367 3934 et
1385 3883 1649 3934 materiautnatora-
1688 3881 1720 3936 V.
1741 3881 1866 3950 Persectio
1886 3883 1913 3932 in
1931 3881 2019 3934 indice
2037 3897 2125 3946 gener.

336 3965 412 4020 nobis
431 3973 469 4020 cst
489 3969 572 4020 unitas
597 3973 703 4020 naturae
729 3981 776 4032 per
801 3969 973 4032 participatio·
1010 3971 1073 4022 lium
1103 3971 1284 4034 operationum
1313 3971 1470 4034 principium
1495 3971 1523 4022 lll
1550 3971 1596 4022 434
1619 3969 1649 4022 4*
1738 3999 1773 4012 -
1793 3971 1896 4034 respicii
1910 3973 2088 4036 generativam
2102 3971 2223 4024 virtutem
2237 3971 2254 4022 ll
2269 3971 2321 4022 764

334 4069 393 4108 nem
415 4059 492 4110 nnius
510 4057 659 4108 communis
677 4057 805 4108 essentiae
823 4057 832 4106 l
852 4055 972 4108 80745
1009 4085 1047 4098 -
1065 4059 1125 4112 dicit
1143 4061 1283 4112 essentiam
1307 4065 1334 4112 ut
1359 4059 1464 4111 alterius
1488 4061 1647 4124 principium
1685 4057 1715 4112 6*
1733 4087 1769 4098 -
1787 4061 1833 4112 Vis
1853 4059 1992 4124 generandi
2020 4061 2124 4124 respicit
2150 4063 2268 4112 naturam
2288 4059 2322 4112 de

334 4145 414 4196 -lo
434 4151 525 4196 natura
545 4145 679 4196 communi
698 4145 973 4212 aliouaassimilantur
1010 4153 1036 4200 et
1054 4151 1274 4214 comparationem
1304 4147 1336 4200 ad
1365 4147 1563 4212 productionem
1592 4149 1648 4200 sive
1684 4163 1713 4202 se
1733 4149 1739 4198 l
1762 4147 1812 4210 484
1831 4163 1887 4212 arg.
1907 4151 1930 4198 8.
1949 4145 2038 4200 44783
2058 4145 2095 4198 4*.
2115 4147 2137 4196 V
2158 4147 2210 4198 836
2228 4163 2240 4200 4
2259 4145 2322 4202 Vide

331 4233 509 4298 similitudine,
531 4247 599 4298 quae
618 4233 741 4284 tundatur
759 4241 785 4286 et
804 4231 969 4286 stabiliturin
1009 4239 1200 4288 emanationem
1226 4235 1368 4288 naturalem
1389 4237 1397 4286 l
1418 4235 1468 4286 374
1489 4233 1516 4286 4*
1536 4261 1569 4274 -·
1588 4235 1649 4300 plus
1688 4235 1718 4288 V.
1738 4233 1878 4290 Generoiio
1901 4231 1940 4290 80
1959 4237 1984 4288 44
2003 4235 2089 4286 444444
2108 4249 2198 4300 gener.

332 4321 418 4386 aliqua
444 4321 528 4372 torma
549 4319 631 4373 stabili
652 4321 782 4372 443503
803 4335 972 4374 -44444444
1010 4325 1115 4376 4444444
1138 4323 1317 4376 habitudinem
1343 4325 1462 4390 principii
1487 4325 1529 4376 rel
1554 4337 1647 4376 causae
1739 4351 1774 4360 —-
1792 4323 1863 4388 qood
1883 4325 1935 4388 agit
1962 4337 2012 4376 non
2040 4325 2094 4388 agit
2120 4337 2152 4376 ex
2179 4323 2259 4376 nihilo
2287 4323 2321 4374 lV

331 4409 372 4460 nis
390 4411 416 4460 in
436 4411 491 4460 suis
508 4409 708 4474 particularibus
721 4415 759 4462 est
773 4423 855 4460 unum
869 4411 893 4460 in
909 4409 971 4460 nrul-
1009 4425 1089 4478 quam
1109 4415 1132 4464 io
1152 4411 1332 4466 habitudinem
1352 4415 1451 4464 formae
1471 4413 1498 4464 444
1520 4411 1568 4462 496
1583 4411 1647 4464 4-
1684 4411 1735 4464 889
1754 4427 1770 4462 a
1792 4411 1854 4466 Vide
1878 4411 1906 4464 V.
1925 4409 1999 4466 Actio
2021 4407 2091 4476 (tto
2109 4413 2140 4476 o)
2159 4415 2184 4464 ei
2210 4409 2237 4464 V.
2251 4409 2320 4466 For-

329 4499 363 4550 tis
381 4495 497 4550 44444.-
522 4503 627 4562 praeter
650 4499 791 4562 singularia
820 4499 905 4550 solum
933 4505 972 4550 est
1008 4503 1224 4566 estprincipium
1242 4503 1279 4554 rei
1298 4503 1401 4564 genitae
1420 4501 1446 4552 lll
1469 4501 1518 4552 495
1538 4501 1590 4552 43
1683 4497 1802 4568 4444422,
1823 4497 1876 4558 25.

331 4587 357 4636 44
376 4587 445 4638 4444
467 4585 675 4638 consideratione
692 4585 720 4636 lll
742 4583 794 4636 487
812 4585 829 4636 l.
848 4585 864 4636 3
1062 4617 1097 4626 -—
1115 4603 1166 4642 uon
1186 4597 1225 4642 est
1243 4591 1308 4642 ratio
1324 4589 1419 4654 agendi
1433 4595 1458 4640 ct
1472 4587 1585 4656 patiendi
1599 4589 1646 4640 nisi
1736 4617 1773 4630 -
1791 4589 1921 4656 quidquid
1939 4589 1998 4652 lacit
2011 4589 2070 4640 iacit
2083 4587 2227 4642 secundum
2241 4589 2318 4640 ratio-

383 4701 418 4714 -·
428 4677 462 4728 ,in
482 4675 618 4740 supposito
631 4673 709 4727 habet
722 4675 831 4726 existere
846 4677 873 4728 lll
888 4675 939 4726 488
953 4673 971 4726 b
1007 4679 1034 4730 in
1054 4679 1190 4744 supposito
1209 4679 1241 4730 lll
1258 4679 1308 4730 487
1328 4675 1347 4730 b
1683 4693 1730 4730 nes
1747 4679 1884 4732 seminales
1898 4677 1980 4730 44435
1994 4691 2049 4742 arg.
2063 4677 2089 4730 5.
2103 4677 2155 4730 436
2168 4691 2181 4728 4
2195 4705 2229 4716 -
2243 4677 2320 4742 Quod

306 4821 311 4828 ,
383 4793 417 4802 -
435 4765 461 4816 44
482 4765 554 4816 omni
572 4755 731 4828 substantia,
750 4765 825 4816 cuius
852 4763 971 4816 estesse
1063 4795 1095 4806 -
1115 4775 1154 4820 444
1172 4769 1330 4834 principium
1356 4773 1491 4822 motusset
1515 4769 1609 4834 quietis
1627 4769 1645 4820 ll
1671 4773 1723 4820 ‘est
1735 4769 1759 4820 in
1775 4767 1886 4832 potentia
1907 4775 2013 4818 naturae
2026 4771 2052 4816 ot
2069 4769 2172 4830 potente
2185 4765 2218 4818 ad
2231 4771 2319 4818 actum

329 4861 355 4906 et
373 4853 488 4918 operari,
507 4853 660 4918 intelligitur
672 4859 761 4904 natura
777 4859 803 4906 et
815 4853 916 4906 habens
929 4865 972 4904 na·
1008 4855 1060 4908 347
1079 4871 1136 4922 arg.
1157 4857 1167 4908 4
1190 4883 1226 4896 -·
1253 4863 1293 4910 est
1319 4855 1479 4922 principium
1507 4859 1596 4910 motus
1621 4863 1647 4910 et
1683 4855 1828 4922 perducere
1848 4853 1941 4906 dicitur
1961 4853 2016 4906 0444
2035 4853 2180 4906 secondum
2207 4855 2319 4906 rationes

330 4941 513 4994 4444444443
535 4941 552 4994 b
576 4939 637 4994 ride
661 4941 971 5006 4*.044444444444444
1008 4947 1169 5012 quietisper
1187 4959 1216 4996 se
1235 4949 1259 4998 et
1278 4957 1329 4998 non
1355 4943 1498 4996 secundum
1526 4945 1647 5000 accidens
1682 4945 1820 4998 seminales
1841 4943 1856 4994 ll
1877 4943 1927 4996 436
1949 4943 2156 4996 b-mediante
2168 4943 2268 4994 ratione
2281 4955 2319 4994 se·

331 5045 421 5096 gener.
440 5055 476 5070 -·
494 5031 545 5084 Res
564 5037 672 5084 naturae
692 5045 722 5082 se
746 5029 824 5082 hahet
850 5045 896 5096 per
916 5043 972 5080 mo·
1008 5035 1039 5086 lll
1058 5033 1110 5084 l30
1127 5047 1184 5102 arg.
1204 5033 1221 5084 4
1682 5033 1770 5086 minali
1784 5033 1948 5098 pervenitad
1962 5033 2082 5084 ultimum
2096 5031 2319 5096 complementum

330 5117 393 5172 dum
420 5121 548 5184 suppositi
571 5119 651 5172 4589
678 5119 768 5184 argi
794 5147 828 5158 -
854 5121 903 5170 Res
929 5131 971 5170 ua·
1061 5149 1097 5162 -
1116 5121 1178 5174 dicit
1202 5123 1329 5188 originale
1355 5123 1645 5186 principium-alicuius
1682 5123 1701 5174 ll
1722 5121 1772 5174 439
1791 5135 1848 5186 arg.
1866 5121 1890 5186 4,
1912 5123 1926 5174 8
1947 5149 1981 5158 -
2006 5123 2094 5186 Agens
2120 5121 2236 5172 naturale
2266 5119 2319 5184 agit

329 5213 404 5260 turae
432 5209 505 5274 quasi
535 5207 825 5262 mediumtcnetinter
851 5213 969 5260 naturam
1007 5213 1115 5264 ellectus
1134 5211 1152 5260 ll
1170 5211 1220 5262 460
1235 5209 1416 5264 8*-·4444444
1430 5213 1551 5264 naturalis
1569 5213 1645 5276 origo
1676 5205 1815 5264 'intluendo
1835 5213 1859 5262 et
1877 5209 2049 5276 impertiendo
2070 5207 2168 5276 aliquid
2187 5211 2241 5274 sui,
2265 5221 2319 5274 444

330 5295 488 5348 abstractive
506 5297 697 5350 consideratam
717 5303 742 5350 et
761 5297 922 5362 hypostasim
941 5297 971 5348 lll
1007 5301 1017 5352 l
1037 5299 1083 5352 464
1108 5297 1136 5350 7*
1155 5327 1189 5340 -
1208 5299 1269 5352 dicit
1289 5305 1316 5350 ut
1329 5315 1348 5350 ’4
1368 5313 1422 5366 quo
1440 5299 1458 5352 ll
1479 5297 1566 5352 4364
1682 5299 1812 5354 mediante
1832 5299 1931 5362 perlicit
1949 5297 2012 5350 illud
2032 5297 2103 5364 quod
2121 5303 2176 5350 erat
2196 5299 2221 5348 in
2240 5301 2319 5348 maie·

331 5383 381 5436 449
401 5385 428 5438 b.
449 5387 499 5438 450
519 5383 549 5438 6*
565 5411 603 5424 -
621 5387 672 5438 lies
685 5393 793 5438 naturae
806 5385 971 5450 praedicatur
1061 5417 1096 5426 -
1114 5387 1176 5442 dicit
1200 5389 1255 5440 vim
1279 5387 1463 5454 productivam
1483 5389 1489 5438 l
1509 5387 1560 5440 374
1580 5387 1606 5442 4.
1625 5390 1644 5440 44
1680 5391 1728 5456 ria,
1748 5395 1774 5440 ct
1791 5387 1855 5440 illud
1874 5387 1946 5454 quod
1966 5387 2193 5450 inlluituraparte
2210 5387 2318 5450 agentis,

331 5473 365 5526 de
378 5475 520 5540 hypostasi,
535 5475 580 5526 sed
596 5489 647 5526 nou
662 5473 694 5526 de
708 5479 800 5528 natura
812 5473 971 5526 abstractive
1007 5477 1058 5530 436
1072 5491 1097 5530 a.
1109 5475 1161 5528 789
1181 5475 1211 5528 4*
1224 5503 1257 5514 -·
1270 5481 1308 5528 est
1327 5477 1368 5528 vis
1385 5477 1459 5528 insita
1479 5475 1558 5528 rebus
1576 5477 1645 5530 simi·
1683 5479 1712 5530 44
1730 5477 1827 5544 aliquid
1847 5477 1879 5528 de
1899 5477 2029 5540 completo
2047 5489 2105 5528 esse
2124 5473 2208 5550 ipsios
2220 5473 2318 5540 produ·

329 5561 492 5616 considerata
519 5577 567 5614 nec
585 5577 601 5616 e
620 5577 747 5614 converso
767 5563 796 5614 lll
816 5561 867 5616 450
887 5561 918 5612 6*
935 5589 970 5600 -·-
1007 5565 1039 5618 444
1068 5579 1100 5618 ex
1127 5563 1255 5618 similibus
1284 5579 1425 5630 procreans
1444 5567 1451 5618 l
1473 5565 1523 5618 434
1542 5579 1599 5630 arg.
1617 5567 1643 5618 8.
1680 5567 1716 5618 cti
1733 5565 1766 5616 lV
1786 5563 1872 5616 8894
1897 5561 1958 5618 Vide
1980 5561 2009 5616 V.
2030 5561 2112 5616 44444.

329 5649 381 5702 Res
407 5655 513 5702 naturae
541 5663 592 5702 non
613 5649 778 5716 praedicatur
797 5651 830 5702 de
851 5651 969 5702 natural
1007 5651 1060 5706 874
1079 5653 1105 5704 4.
1124 5653 1143 5704 14
1163 5653 1208 5704 804
1232 5667 1290 5720 arg.
1307 5651 1335 5706 5.
1354 5651 1405 5706 373
1424 5663 1482 5720 arg.
1499 5653 1524 5706 4.
1538 5653 1590 5706 764
1604 5653 1641 5708 6*.
1734 5681 1769 5690 -
1796 5653 1859 5704 doru
1889 5657 2025 5716 operatur,
2052 5651 2166 5704 immittit
2194 5651 2317 5704 virtulem

330 5739 381 5790 589
401 5739 492 5802 argi
867 5735 870 5744 ’
1007 5741 1059 5792 789
1082 5727 1379 5806 t*.tllaatarg.t.1v
1395 5741 1440 5794 894
1459 5741 1643 5804 i.l.VlSla
1680 5751 1755 5792 suam
1778 5753 1861 5806 444444
1888 5739 1919 5790 ad
1945 5741 2034 5790 4444444
2058 5741 2128 5804 passi
2149 5741 2165 5790 ll
2184 5737 2235 5792 807
2255 5739 2316 5792 43

380 5831 461 5878 —et
486 5841 528 5878 res
554 5833 661 5880 4444444
685 5829 711 5876 44
736 5827 841 5878 homine
861 5813 912 5878 non
931 5833 970 5880 est
1061 5855 1097 5868 -·
1115 5827 1222 5894 proprie
1240 5827 1335 5880 dicitur
1353 5831 1394 5882 ris
1413 5831 1485 5882 insita
1505 5829 1594 5894 rebus,
1606 5843 1645 5882 se·
1678 5829 1820 5894 -Agcns
1840 5831 1863 5876 ln
1883 5825 2063 5888 corporalibus
2088 5827 2169 5878 lniluit
2193 5829 2316 5882 virtutem

328 5915 398 5966 idem
419 5915 426 5966 l
447 5915 497 5966 405
517 5915 579 5966 (4.5
599 5941 633 5952 -
657 5915 708 5966 Res
728 5919 834 5966 naturae
853 5915 877 5966 in
898 5927 969 5966 crea·
1007 5917 1122 5970 cundum
1142 5931 1222 5984 quam
1241 5929 1284 5968 res
1302 5917 1431 5968 naturales
1445 5923 1573 5982 peragunt
1587 5931 1643 5970 cur·
1679 5929 1755 5968 suam
1775 5929 1851 5982 passo
1869 5929 1956 5982 usque
1973 5915 2007 5968 ad
2026 5917 2154 5980 intimum,
2171 5915 2244 5968 aliter
2264 5929 2315 5968 non

329 6005 393 6056 lutis
413 6009 450 6056 est
470 6003 542 6056 aliud
559 6017 639 6068 quam
660 6005 749 6054 natura
770 6003 777 6054 l
799 6001 849 6054 588
867 5999 903 6052 4*.
917 6001 969 6056 595
1007 6019 1052 6058 444
1070 6019 1133 6058 4444
1152 6011 1177 6058 et
1194 6011 1283 6078 motus
1301 6005 1389 6056 solitos
1409 6005 1497 6056 44437
1517 6003 1592 6058 5¹⁸-
1604 6011 1644 6060 est
1679 6005 1798 6058 alteraret
1817 6011 1899 6056 totum
1919 6005 1936 6056 ll
1958 6005 2007 6058 886
2028 6019 2083 6070 arg.
2102 6005 2118 6056 3

328 6091 390 6144 44
409 6119 444 6132 ·-·
464 6093 578 6146 Esseniia
599 6095 684 6144 creata
704 6091 816 6144 diilcrta
833 6091 969 6156 supposito
1004 6095 1047 6148 vel
1067 6095 1140 6160 quod
1160 6107 1238 6160 agere
1256 6095 1298 6146 vel
1323 6093 1395 6162 quod
1421 6095 1473 6158 poti
1502 6099 1587 6158 potest
1613 6095 1642 6148 444
1731 6081 1837 6146 -444
1857 6099 1941 6158 potest
1961 6095 1984 6146 lo
1999 6095 2129 6146 totamrei
2144 6093 2314 6147 substantiam

329 6181 338 6232 l
358 6181 435 6232 i68a
455 6179 515 6234 Vide
532 6179 561 6234 V.
576 6177 655 6244 Quod
672 6181 712 6232 444
730 6181 754 6232 44
775 6179 861 6232 lodice
879 6193 968 6244 gener.
1007 6183 1059 6236 430
1079 6197 1134 6248 arg.
1155 6183 1170 6236 4
1679 6183 1703 6234 V
1723 6183 1806 6234 8874

380 6297 417 6308 -
434 6277 520 6322 creata
540 6283 591 6324 non
609 6269 776 6334 praedicatur
789 6269 822 6320 de
835 6269 968 6334 hypostasi
1060 6299 1095 6308 -—
1112 6279 1269 6338 cooperatur
1283 6273 1336 6324 Deo
1349 6275 1373 6324 in
1388 6269 1559 6338 productione
1572 6279 1643 6326 natu·
1729 6299 1767 6312 -
1786 6285 1836 6324 non
1855 6275 1941 6336 potest
1952 6275 2103 6336 corruptum
2117 6269 2189 6322 idem
2206 6283 2316 6322 numero

328 6359 354 6410 in
374 6359 511 6426 abstracto,
531 6359 576 6412 se'd
598 6365 696 6412 tantum
717 6361 742 6412 in
762 6361 926 6412 concretione
939 6361 968 6412 lll
1004 6361 1098 6414 ratium
1112 6375 1160 6426 per
1172 6361 1354 6414 modumvere
1365 6359 1499 6414 efficientis
1512 6359 1641 6414 494884
1677 6375 1800 6428 reparare
1829 6361 1862 6412 lV
1888 6361 1939 6412 889
1964 6359 1990 6412 b.
2018 6361 2067 6410 898
2087 6359 2112 6410 b.
2133 6359 2155 6410 V
2175 6359 2226 6412 887
2246 6373 2260 6410 4
2281 6345 2316 6398 -’-

329 6449 375 6500 484
400 6447 437 6500 8*.
458 6449 507 6500 450
529 6449 967 6512 5*-444444444444444444444
1006 6479 1040 6488 -
1058 6449 1083 6500 in
1104 6451 1272 6516 generatione
1289 6449 1400 6504 naturali
1418 6457 1458 6502 est
1475 6463 1538 6502 vere
1559 6463 1641 6516 agens
1678 6463 1729 6502 non
1748 6449 1849 6502 reducit
1874 6463 1888 6500 a
1917 6451 2061 6513 privatione
2089 6449 2114 6500 in
2143 6445 2261 6500 habitum
2281 6449 2315 6500 lV

328 6535 420 6590 44780
441 6537 470 6590 4*
1004 6539 1023 6590 ll
1043 6537 1185 6590 7884-
1205 6539 1302 6604 aliquid
1328 6537 1432 6604 aglth
1454 6537 1503 6590 889
1524 6553 1537 6590 4
1559 6539 1640 6590 —ln
1677 6539 1724 6590 894
1748 6539 1794 6590 i.l

380 6653 417 6666 -
434 6627 549 6680 Diversis
561 6629 663 6680 naturis
674 6625 795 6680 diversae
808 6627 968 6692 respondent
1004 6625 1075 6678 omni
1095 6627 1203 6680 naturali
1224 6641 1303 6692 opere
1322 6629 1380 6684 data
1400 6633 1438 6680 est
1463 6629 1546 6680 44444
1569 6641 1642 6680 erca-
1729 6653 1764 6666 ·-
1784 6631 1811 6678 ut
1830 6641 1911 6692 agens
1930 6617 2077 6680 universale
2090 6627 2212 6691 producit
2225 6639 2315 6678 neces·

327 6727 370 6766 res
390 6719 496 6768 naturae
515 6715 544 6766 lll
565 6713 615 6766 449
635 6713 661 6766 b.
683 6713 733 6768 450
752 6713 782 6768 6*
800 6743 835 6754 -·
855 6717 906 6770 lies
924 6731 967 6768 na·
1004 6721 1092 6782 turae,
1117 6727 1166 6778 per
1184 6729 1263 6782 quam
1283 6723 1407 6782 operatur
1425 6715 1459 6766 444
1478 6715 1524 6766 834
1547 6715 1640 6782 argo
1676 6717 1744 6768 sario
1765 6719 1772 6768 l
1792 6715 1843 6768 805
1862 6713 2314 6782 3*-Naturaliamoventurqua·

327 6805 401 6854 torae
419 6805 543 6854 unitatem
562 6803 640 6856 hahet
668 6805 735 6856 sicut
761 6807 910 6868 hypostasis
936 6803 965 6856 lll
1003 6831 1039 6840 -
1057 6807 1096 6854 est
1113 6815 1194 6866 agens
1224 6805 1395 6870 praecipuum
1422 6811 1448 6856 et
1472 6803 1587 6854 efficiens
1613 6805 1639 6856 in
1676 6803 1737 6856 dam
1757 6805 1907 6858 necessitate
1926 6805 1945 6856 ll
1964 6805 2011 6856 894
2035 6817 2048 6856 4
2069 6831 2103 6844 -·
2122 6803 2196 6854 Actio
2213 6807 2314 6854 natura·

328 6889 378 6942 450
398 6887 428 6942 6*
1003 6893 1112 6960 naturali
1132 6905 1212 6956 opere
1232 6893 1264 6946 lV
1284 6893 1335 6944 838
1355 6893 1372 6944 h
1389 6889 1452 6946 Vide
1469 6891 1497 6944 V.
1511 6889 1640 6960 Oooporo·
1676 6893 1707 6944 lis
1724 6899 1764 6944 est
1782 6893 1928 6946 secundum
1949 6893 2127 6946 necessitatem
2147 6893 2163 6944 ll
2185 6887 2236 6944 344
2256 6889 2273 6940 4.
2289 6887 2313 6942 4.
