5784 8384
337 577 381 642 80
1171 569 1287 634 INDEX
1310 567 1500 634 SECUNDUS

627 659 690 714 Cili}
1979 649 2041 706 CRE

337 765 401 804 vare
421 749 590 814 6666666666
609 747 627 798 ll
647 747 680 798 28
699 747 716 798 6.
738 747 752 798 2
770 773 807 786 -
825 747 976 798 Secundum
1015 743 1076 796 dam
1096 747 1121 796 66
1139 745 1239 796 ratione
1253 743 1384 804 seminali,
1398 743 1530 810 quaedam
1544 747 1655 808 6666666
1745 767 1781 780 -··
1799 741 1890 792 Omnia
1911 747 2013 806 6666666
2031 739 2114 792 Deum
2133 741 2194 790 sunt
2216 735 2329 792 11611611

338 839 440 906 6166666
471 837 540 888 Deus
569 837 594 887 in
625 835 711 898 prima
740 835 888 888 conditione
919 835 978 886 16666
1015 831 1096 882 modo
1117 831 1203 882 61366
1224 827 1530 882 6390661371*
1691 825 2329 882 2161-616116666666666666666116166666666

338 927 425 978 omnia
451 927 476 974 66
505 929 571 976 statu
604 921 765 974 nobilissimo
795 929 820 974 et
848 921 977 986 perlectis
1067 915 1336 972 Cauarum-Notio
1352 915 1566 972 *0666016666
1576 929 1654 984 pana·
1693 915 1763 967 1162
1784 915 1801 968 l.
1822 915 1884 966 811
1905 915 2133 968 66116-66116
2162 918 2246 980 666666
2272 927 2329 966 6666

338 1015 405 1068 simo
424 1011 443 1063 11
464 1011 513 1062 133
533 1011 551 1062 6
1015 1005 1088 1058 retes
1109 1033 1142 1042 -·
1161 1007 1199 1058 666
1215 1003 1293 1074 pinita
1313 1007 1338 1058 66
1355 1005 1501 1072 6666666166
1520 1005 1655 1056 -rnulo-
1691 1003 1788 1056 6666666
1808 1005 1833 1054 16
1853 1011 1920 1068 6666,
1941 1017 1989 1056 666
2009 1009 2118 1070 6666666
2136 1017 2193 1056 esse
2213 1001 2327 1056 66666666

390 1125 428 1138 -·
445 1097 594 1150 Secundum
614 1097 714 1162 aliquos
743 1099 830 1150 omnia
851 1097 975 1164 producta
1015 1089 1653 1146 01116-66611666106661666-0666666666
1691 1093 1830 1144 numeral
1850 1089 2004 1142 7726773
2027 1089 2061 1144 ti.
2083 1089 2329 1144 sealt-omues

338 1194 398 1239 6666
416 1185 492 1237 simul
512 1185 531 1236 lI
550 1185 600 1236 296
623 1185 638 1236 b
658 1183 803 1238 -Omnia
830 1185 977 1250 corporalia
1013 1179 1149 1236 -toeas
1166 1207 1202 1220 --
1219 1179 1327 1236 Gradus
1346 1179 1653 1246 61666666-11161666-
1691 1183 1750 1230 6666
1769 1179 1902 1231 ordinatae
1921 1178 1952 1229 ad
1974 1179 2085 1232 invicem
2105 1185 2128 1230 et
2149 1177 2181 1230 ad
2195 1189 2275 1228 uuam
2288 1191 2330 1230 re·

336 1273 414 1326 simul
434 1277 495 1326 suut
512 1276 597 1324 666616
618 1275 643 1324 66
662 1275 786 1340 materia,
809 1275 856 1326 sed
874 1273 976 1326 succes·
1014 1263 1653 1336 11661166-1166111616666611666666616116-
1691 1265 1830 1332 ducuntur,
1850 1271 1874 1318 61
1893 1267 1952 1318 6666
1973 1281 2022 1318 666
2042 1273 2151 1330 6666666
2168 1279 2226 1318 6666
2243 1263 2329 1316 inlini-
2352 1283 2363 1290 ⁴

338 1343 817 1416 616666666666666666666112966.
839 1359 933 1412 6296
958 1357 976 1408 b
1019 1355 1164 1424 Vestigium
1183 1381 1217 1394 ·-
1235 1353 1496 1410 Finis-Potentia
1515 1353 1653 1424 operativa
1691 1353 1957 1408 66666666661772
1978 1353 2049 1404 b-
2066 1357 2153 1406 omnis
2171 1355 2246 1406 certis
2267 1353 2328 1404 limi·

337 1461 377 1516 66.
395 1447 426 1500 2*
443 1475 480 1488 -
497 1449 600 1500 Materia
620 1463 707 1502 rerum
728 1459 812 1502 666666
832 1455 872 1500 666
889 1461 922 1500 ex
941 1447 976 1498 ui·
1013 1445 1164 1500 --116166
1182 1443 1251 1498 66116
1691 1445 1760 1498 66666
1780 1449 1817 1496 666
1837 1443 2031 1506 circumscripta
2051 1443 2068 1492 ll
2088 1443 2121 1494 79
2135 1443 2176 1494 6.1
2196 1443 2328 1494 -omnis
2396 1491 2398 1496 .

308 1551 315 1562 “
337 1535 389 1588 6616
407 1543 465 1588 6666
485 1551 553 1602 opus
580 1537 750 1592 distinctionis
769 1539 787 1590 ll
807 1535 840 1588 67
860 1537 876 1586 1.
896 1533 921 1586 1.
941 1535 974 1584 66
1065 1537 1159 1584 -est
1178 1531 1203 1584 66
1223 1531 1296 1598 6666
1313 1537 1353 1584 666
1369 1531 1402 1584 ab
1416 1533 1466 1584 allo
1485 1535 1653 1586 essentialiter
1689 1539 1730 1586 666
1746 1533 1907 1586 6666666666
1927 1529 2011 1582 linitae
2033 1531 2039 1580 l
2058 1527 2327 1582 6121*.1113261,6

338 1623 375 1676 1*.
388 1625 421 1678 09
435 1625 459 1678 d.
475 1629 485 1680 l
508 1655 542 1664 —-
561 1625 651 1678 Omnia
672 1625 795 1680 dicuntur
812 1613 974 1676 6666666666
1012 1617 1084 1670 1131
1105 1619 1120 1672 6.
1141 1621 1156 1670 2
1175 1647 1210 1660 -
1230 1633 1260 1672 66
1280 1621 1337 1684 6666
1367 1621 1438 1686 6666
1457 1629 1590 1686 66666666,
1610 1623 1653 1672 66·
1688 1625 1842 1688 -eoipso
1862 1621 1932 1688 6666
1952 1627 2085 1684 creatura,
2107 1617 2185 1670 lrabct
2204 1619 2330 1688 capacita-
2423 1613 2431 1638 ²

338 1713 415 1764 simul
434 1721 561 1782 66661666
579 1713 613 1764 66
632 1719 719 1778 666666
745 1711 900 1776 principales
919 1713 975 1764 sive
1013 1707 1057 1758 bet
1075 1719 1133 1760 essa
1151 1707 1185 1760 ab
1203 1709 1254 1758 alio
1283 1715 1308 1760 66
1334 1707 1652 1780 6666661617726-
1689 1705 2027 1764 6666116666661112802*

337 1805 439 1868 priores
462 1805 471 1854 l
496 1801 549 1854 760
573 1801 599 1852 6.
626 1801 641 1850 2
663 1827 696 1836 --
719 1799 746 1850 86
773 1801 861 1850 omnia
888 1805 975 1852 essent
1013 1795 1074 1848 dicit
1094 1803 1241 1860 respectum
1269 1797 1304 1848 ad
1331 1795 1490 1860 Creatorem,
1508 1801 1535 1848 66
1553 1795 1652 1862 aliquid
1742 1823 1778 1836 -
1796 1797 1873 1850 66666
1892 1813 1948 1850 6666
1974 1797 2074 1848 linitum
2094 1809 2122 1846 ex
2150 1789 2328 1862 campasiiiaaa

337 1897 423 1944 creata
441 1888 518 1942 simul
538 1893 665 1954 66666666
684 1887 718 1938 66
738 1887 887 1952 166661666,
905 1887 972 1938 66116
1012 1883 1084 1950 6666
1114 1883 1191 1936 66666
1218 1897 1276 1936 6666
1302 1891 1360 1950 6666
1383 1899 1434 1936 666
1463 1897 1520 1936 esse
1548 1889 1572 1936 et
1595 1899 1653 1938 esse
1688 1887 1864 1936 contrahentis
1882 1893 1908 1938 et
1925 1887 2048 1938 contracti
2068 1883 2076 1934 l
2098 1881 2147 1934 167
2166 1881 2183 1932 6.
2203 1881 2227 1932 2.
2247 1879 2325 1954 1666

338 1983 455 2030 66666666
484 1975 580 2042 6166666
611 1977 705 2028 1666661
730 1973 762 2028 ib.
789 1977 815 2028 6.
841 1977 857 2028 2
879 1977 975 2028 -Se
1012 1971 1118 2024 aliunde
1131 1971 1351 2036 66666166666666
1371 1971 1516 2036 procedens
1530 1971 1650 2024 1112606
1688 1977 1840 2040 66.-666
1858 1973 1977 2038 limitata,
1997 1987 2029 2024 6ο
2049 1975 2106 2036 6666
2118 1969 2190 2038 6666
2204 1983 2234 2022 ex
2248 1969 2326 2022 666616

337 2065 453 2118 cundum
476 2065 649 2128 augustinum
676 2065 762 2116 omnia
781 2065 847 2116 66666
866 2065 976 2116 666161·
1013 2087 1049 2098 -
1067 2059 1194 2126 significat
1212 2073 1305 2128 omne,
1322 2059 1394 2128 6666
1415 2067 1452 2112 ast
1475 2061 1508 2112 ab
1528 2061 1592 2126 aiio,
1617 2063 1650 2112 ita
1688 2069 1714 2114 66
1733 2061 1876 2124 composita
1896 2067 1933 2112 est
1952 2059 2068 2112 17726
2087 2087 2121 2100 -
2141 2059 2226 2112 omnis
2249 2055 2328 2118 habet

336 2153 392 2220 mul
411 2161 537 2220 quantum
557 2151 589 2202 ad
609 2165 667 2204 6666
683 2153 880 2220 66666616,666
894 2167 975 2220 quaa·
1013 2149 1086 2216 quod
1106 2147 1259 2202 hebetasse
1289 2157 1348 2214 post
1367 2163 1418 2200 non
1438 2163 1509 2216 esse,
1529 2151 1569 2202 661
1597 2155 1652 2202 666·
1688 2149 2117 2214 compositionemadependentia
2135 2151 2190 2200 sive
2211 2147 2328 2200 61116666·

336 2247 393 2292 tum
413 2239 445 2292 66
465 2239 532 2292 bene
551 2253 610 2292 esse
628 2239 646 2292 11
668 2239 718 2292 117
740 2239 767 2292 2*
1013 2243 1068 2290 turn
1087 2237 1258 2290 substantiam
1287 2239 1323 2290 rel
1353 2237 1384 2290 de
1409 2239 1488 2292 616116
1506 2239 1651 2302 productae
1688 2235 1821 2290 6661107
1846 2235 2098 2288 tardantes
2123 2235 2160 2288 2*.
2180 2235 2230 2286 676
2254 2235 2326 2288 6-

389 2355 424 2368 -
441 2325 548 2382 Gaelum
567 2333 592 2380 66
611 2333 678 2380 66666
697 2329 723 2378 66
743 2331 872 2394 principio
890 2333 976 2382 creata
1013 2325 1032 2376 ll
1057 2325 1092 2376 31
1118 2339 1134 2378 6
1163 2339 1202 2392 66.
1223 2353 1257 2362 -
1276 2327 1391 2376 nominat
1419 2325 1589 2378 substantiam
1614 2329 1651 2378 666
1687 2325 1818 2390 66666666
1838 2339 1851 2376 6
1870 2325 2012 2392 principiis,
2033 2337 2062 2376 art
2089 2323 2184 2390 quibus
2210 2331 2263 2388 est,
2285 2325 2326 2376 rel

335 2417 439 2470 luerunt
457 2421 516 2468 6666
535 2429 641 2476 omnem
662 2417 731 2466 diem
749 2415 895 2468 secundum
909 2415 976 2470 6661·
1013 2421 1128 2478 creatae,
1148 2415 1287 2466 6616616666
1307 2421 1442 2466 concreata
1461 2415 1495 2468 ab.
1508 2415 1533 2466 b.
1548 2415 1581 2468 35
1596 2415 1624 2466 6*
1688 2415 1779 2466 saltem
1804 2427 1818 2466 a
1838 2415 1891 2468 Deo
1910 2415 1919 2466 1
1938 2413 1988 2466 169
2009 2413 2026 2466 b

335 2517 395 2556 near
416 2511 521 2556 naturae
540 2509 565 2556 et
589 2501 753 2566 probabilius
780 2505 858 2556 666666
883 2517 977 2562 secun·
1067 2505 1208 2554 —estex
1229 2503 1353 2556 66661666
1374 2517 1407 2556 ex
1434 2505 1489 2556 suis
1517 2505 1652 2568 principiis
1742 2531 1778 2540 -··
1796 2505 1881 2554 omnis
1900 2511 1938 2556 est
1966 2503 2070 2554 limitata
2100 2515 2130 2550 66
2160 2501 2232 2566 1666,
2253 2499 2325 2568 6666

335 2591 398 2644 dum
428 2589 546 2642 ordinem
574 2591 701 2656 temporis
724 2591 744 2642 11
767 2589 819 2642 301
844 2591 921 2658 1666.
940 2619 977 2632 -
1012 2589 1088 2640 1161
1113 2587 1142 2640 7*
1162 2617 1195 2628 -
1214 2593 1237 2642 66
1256 2599 1296 2644 666
1313 2591 1513 2658 666666166666
1529 2593 1652 2646 66666616
1687 2593 1769 2646 66666
1791 2585 2322 2656 66166666166616666661112802*-

334 2679 441 2732 Caelum
458 2687 485 2734 61
503 2687 570 2730 66666
588 2679 615 2730 16
635 2679 763 2744 principio
783 2679 910 2744 66666666
925 2693 976 2732 me·
1012 2679 1050 2744 ei,
1070 2683 1098 2730 ui
1116 2683 1154 2730 est
1172 2691 1201 2730 el
1222 2679 1370 2748 nibilo,rcl
1382 2685 1410 2730 ul
1422 2685 1461 2732 661
1474 2695 1503 2734 er
1516 2685 1570 2734 suis
1583 2685 1652 2748 prin·
1688 2681 1773 2732 omnis
1801 2685 1840 2732 est
1862 2679 1967 2744 generis
1985 2679 2148 2730 determinati
2167 2675 2199 2728 111
2220 2677 2288 2730 1000
2307 2677 2324 2726 1.

333 2769 384 2820 1666
401 2767 549 2832 significant
572 2769 676 2820 caelum
700 2781 858 2832 empyreum
876 2775 901 2820 66
921 2783 977 2820 ma·
1013 2765 1236 2832 66666611617*
1260 2767 1489 2822 --116661666666
1516 2771 1651 2836 generales
1688 2771 1758 2822 2-
1777 2773 1815 2820 666
1834 2769 1859 2820 66
1872 2781 1983 2832 genere,
2003 2769 2064 2832 quia
2076 2763 2154 2818 66666
2166 2763 2325 2816 6666166166·

334 2859 424 2910 teriam
444 2857 563 2910 omnium
584 2869 727 2922 corporum
747 2843 836 2910 11307
857 2859 883 2912 d.
906 2859 916 2910 1
940 2887 976 2898 -
1004 2851 1102 2906 'rerum
1122 2859 1267 2910 creatarum
1286 2859 1491 2926 considerautur,
1503 2861 1651 2912 secundum
1688 2867 1743 2912 tum
1762 2865 1788 2910 et
1806 2859 1980 2922 compositum
1994 2869 2042 2920 per
2054 2853 2212 2904 6666666666
2224 2859 2325 2906 666666·

334 2945 450 3012 Quatuor
469 2947 574 2998 luerunt
593 2947 681 3010 primo
699 2951 793 3012 666616,
808 2949 911 3000 caelum
924 2961 975 3000 em·
1013 2943 1086 3010 6666
1107 2953 1168 2996 sunt
1186 2947 1210 2996 66
1232 2961 1258 2998 se
1278 2945 1317 2998 661
1338 2947 1371 2998 66
1390 2961 1427 3012 66,
1439 2949 1483 3000 vel
1500 2953 1530 3000 ut
1547 2963 1651 3014 compa·
1688 2947 1804 3000 luentes}
1826 2941 2325 3012 1736,1*-66116616616616666·

327 3047 458 3098 pyreum,
471 3035 595 3108 angelica
617 3039 717 3096 natura,
742 3037 849 3088 materia
869 3041 892 3088 el
914 3043 975 3088 tem·
1012 3041 1104 3084 rantur
1121 3033 1186 3086 iuter
1204 3035 1397 3086 sesecundum
1416 3039 1554 3104 actionem,
1566 3037 1610 3090 vel
1622 3045 1650 3090 ut
1688 3051 1749 3088 6666
1769 3023 1848 3088 nabet
1865 3033 2079 3100 compositionem
2098 3033 2116 3084 11
2135 3033 2164 3084 91
2189 3027 2266 3084 3*-
2279 3045 2323 3082 ne-

332 3135 392 3186 pus,
409 3129 437 3174 66
449 3123 532 3186 prima
554 3123 576 3172 ln
592 3125 892 3188 unoquoquegenarell
907 3125 939 3176 es
959 3139 976 3176 a
1013 3119 1161 3172 6616666666
1179 3121 1212 3174 66
1232 3123 1314 3174 Deum
1334 3123 1344 3172 l
1363 3121 1396 3174 78
1417 3123 1443 3174 6.
1462 3123 1478 3192 6
1687 3125 1800 3176 66666666
1818 3130 1857 3175 666
1874 3121 1991 3186 limitata,
2013 3121 2122 3174 6666116
2137 3125 2322 3172 estsummum

332 3208 477 3274 -=pngep
496 3213 521 3260 gp
539 3209 645 3260 materia
666 3209 871 3274 tuerupppptmo
888 3219 973 3264 crepta
1064 3207 1231 3260 —includit
1258 3203 1497 3276 imperiectionern,
1526 3213 1587 3276 6666
1612 3217 1651 3264 661
1687 3209 1852 3276 simpliciter,
1871 3211 1917 3260 sed
1945 3211 1971 3260 66
1999 3209 2121 3274 general
2142 3207 2175 3258 62
2196 3207 2322 3258 1*-16

331 3303 357 3348 66
376 3297 451 3348 simul
472 3299 498 3348 ln
517 3297 648 3362 principio
668 3297 812 3352 durationis
829 3299 849 3350 1l
869 3299 972 3366 6766,
1012 3307 1044 3346 ex
1063 3295 1140 3346 nihilo
1169 3297 1177 3346 l
1206 3295 1252 3348 696
1278 3297 1303 3348 6.
1323 3297 1366 3348 12.
1385 3297 1437 3348 232
1457 3297 1587 3350 3*-61
1612 3305 1650 3352 661
1687 3297 1812 3352 creaturis
1831 3311 1881 3350 non
1901 3303 1939 3348 666
1958 3297 2322 3360 statussimpliciter,sedin

332 3381 357 3438 1.
377 3383 410 3436 66
431 3385 456 3450 6,
479 3381 506 3436 1*
594 3405 597 3412 ¹
750 3423 752 3426 .
1010 3397 1042 3434 ex
1061 3382 1155 3450 616616,
1177 3397 1228 3435 666
1256 3383 1335 3438 66666
1363 3385 1651 3450 proprietates'posttt-
1687 3399 1784 3452 genere
1802 3387 1820 3438 tl
1841 3385 1890 3438 316
1912 3383 1940 3438 3*
1961 3413 1993 3422 ·-
2013 3383 2155 3450 spiritualis
2174 3383 2241 3434 nulla
2256 3391 2324 3438 66666

383 3499 420 3512 -
438 3471 628 3526 conventam&
640 3473 792 3538 perfectioni
807 3477 922 3528 universi
935 3491 972 3528 ps.
1010 3483 1072 3536 666,
1094 3469 1140 3522 666
1169 3471 1648 3528 661666666611617*.1110026*.
1686 3489 1820 3528 summum
1841 3475 1981 3540 ingerere
2008 3473 2131 3538 spiritus,
2153 3471 2322 3540 sicut'aliqua

331 3561 468 3626 signantur
497 3557 541 3612 sex
566 3561 623 3614 dies
641 3563 660 3614 ll
680 3561 732 3612 297
751 3579 764 3614 6
784 3591 819 3604 --
838 3565 972 3618 Discipulo
1012 3555 1294 3612 10015*-666666
1322 3561 1466 3614 defectivae
1485 3571 1588 3618 666666
1612 3579 1649 3616 re·
1686 3563 1829 3628 corporalis
1848 3565 1872 3614 in
1891 3575 1988 3628 genere
2006 3573 2149 3624 corporum
2166 3560 2186 3611 lt
2205 3559 2256 3612 556
2276 3559 2304 3612 2*

331 3649 433 3702 dierum
452 3651 595 3702 attenditur
614 3651 759 3702 secundum
780 3653 972 3708 distinctionem
1012 3647 1143 3700 ducuntur
1163 3649 1194 3700 66
1217 3649 1299 3702 Deum
1319 3657 1348 3702 66
1361 3651 1518 3716 principium
1532 3657 1557 3704 el
1569 3651 1647 3704 finem
1738 3679 1774 3690 -
1792 3653 1876 3702 omnis
1895 3649 1981 3702 6611616
1998 3649 2033 3702 66
2052 3651 2148 3700 6616666
2167 3647 2174 3698 l
2195 3645 2246 3698 167
2266 3647 2320 3702 61.

330 3751 419 3790 rerum
439 3737 456 3788 11
482 3737 514 3788 67
541 3735 592 3790 al
618 3765 654 3778 ·-·
681 3739 735 3792 Uno
762 3741 806 3794 die
824 3741 889 3794 iacta
910 3743 972 3796 6616-
1010 3735 1411 3802 6666166611316,3*·-·666
1439 3745 1524 3804 666666
1552 3739 1647 3794 babere
1687 3741 1737 3792 166
1754 3741 1773 3792 b
1790 3769 1827 3778 —-
1846 3741 1929 3792 omnis
1949 3737 2035 3792 delicit
2052 3735 2088 3788 ab
2107 3737 2202 3790 unitate
2222 3741 2244 3788 et
2264 3737 2323 3790 sim·

329 3833 425 3878 rantur
441 3841 471 3878 ea
492 3839 561 3892 6666
579 3825 676 3878 babent
693 3829 826 3894 quandam
847 3821 971 3884 66666666
1010 3825 1140 3892 61666666
1163 3841 1190 3878 66
1209 3827 1263 3892 6666
1285 3843 1332 3880 666
1352 3827 1384 3880 ab
1405 3829 1453 3880 alio
1474 3831 1647 3896 666666066
1685 3828 1797 3894 plicitala
1826 3829 1913 3880 divina
1942 3827 1962 3878 ll
1987 3827 2022 3878 62
2042 3825 2219 3882 12-666
2238 3831 2323 3888 666666

329 3921 355 3968 66
374 3915 492 3966 ordinem
512 3915 657 3968 secundum
679 3915 756 3968 linem
776 3923 802 3972 66
826 3921 969 3982 materiam,
1010 3913 1028 3966 ll
1048 3913 1093 3966 861
1118 3913 1134 3966 6.
1154 3915 1170 3966 6
1190 3917 1327 3968 -omnis
1353 3921 1449 3982 lotum,
1470 3917 1541 3984 6666
1565 3925 1648 3970 66166
1685 3919 1818 3980 suscipere
1848 3915 2037 3980 simplicitatem
2058 3915 2064 3962 l
2087 3915 2136 3966 169
2158 3911 2238 3964 1*·-
2257 3915 2322 3964 6111661

315 4017 432 4068 euque
450 4001 634 4066 producuntur
652 4005 672 4056 ll
700 4003 750 4054 381
771 4005 798 4058 b.
818 4005 870 4056 368
889 4005 971 4058 6*-·
1009 4001 1081 4068 quod
1103 4001 1192 4068 66666,
1214 4017 1230 4056 6
1250 4003 1543 4056 06666666118611.
1563 4005 1593 4066 1
1685 4013 1800 4056 creatum
1819 4009 1857 4056 est
1874 4005 1982 4056 omnino
1994 4001 2113 4068 simplex,
2128 3999 2175 4054 sed
2187 4001 2214 4052 io
2228 4015 2322 4066 genere

329 4089 399 4142 Deus
418 4091 443 4140 in
461 4091 588 4154 primario
608 4105 696 4144 rerum
716 4093 786 4146 exitu
806 4101 971 4146 nonlantum
1063 4117 1097 4128 ·-
1116 4091 1176 4156 6666
1195 4105 1227 4144 ex
1245 4091 1332 4158 666616,
1353 4091 1430 4146 66666
1448 4093 1645 4158 possibilitatem
1684 4093 1763 4146 1312
1784 4107 1806 4144 a.
1826 4092 1845 4143 lt
1864 4091 1896 4142 28
1918 4093 1932 4142 i.
1954 4073 2025 4142 3‘—
2043 4089 2128 4142 omnis
2157 4095 2195 4142 est
2215 4101 2322 4154 compo·
2392 4155 2393 4158 Ἴ

328 4179 445 4230 servavit
463 4177 582 4230 ordinem
603 4185 730 4246 66666666
749 4181 782 4234 ad
803 4185 889 4248 ipsum
903 4197 967 4248 6666,
1008 4181 1034 4230 61
1052 4179 1191 4230 vanitatem
1222 4179 1395 4232 16396-
1414 4179 1568 4234 666666666
1588 4187 1647 4248 6666
1684 4179 1866 4246 eliceretis,
1886 4179 1927 4232 661
1946 4191 2007 4230 cum
2028 4175 2322 4252 61166116861692*

329 4267 375 4318 666
394 4269 471 4318 etiarn
498 4275 624 4332 quantum
653 4267 687 4320 ad
715 4269 862 4332 producere
881 4273 897 4322 ll
919 4271 969 4324 296
1010 4281 1059 4318 666
1079 4281 1137 4320 6666
1157 4269 1233 4320 etita
1253 4283 1310 4320 6666
1328 4283 1428 4322 vanum
1447 4269 1647 4336 etposslblleet
1685 4269 1736 4322 176
1754 4269 1782 4322 d.
1804 4269 2021 4336 3,6-666666
2045 4281 2093 4332 666
2119 4281 2148 4320 66
2172 4265 2322 4320 66666666

328 4353 345 4406 6.
366 4355 381 4406 3
399 4355 474 4406 -16
494 4355 666 4420 66666666666
686 4371 772 4410 rerum
788 4359 969 4412 6666666666
1009 4357 1168 4418 permixtum
1195 4371 1256 4410 cum
1288 4359 1471 4422 possibilitate,
1495 4365 1520 4412 et
1540 4367 1647 4426 propter
1683 4359 1821 4412 assentiam
1851 4359 2022 4422 compositam
2042 4371 2072 4408 ex
2093 4355 2204 4408 61666616
2223 4355 2321 4408 6666616

328 4443 504 4504 necessitatis
523 4443 570 4494 sed
590 4443 759 4508 congruitatis
778 4449 796 4500 ll
816 4447 867 4500 386
887 4445 970 4500 8²⁸-
1007 4445 1058 4494 boc
1076 4443 1336 4512 6616611666616616,
1352 4445 1487 4500 stabilitate
1504 4455 1531 4500 et
1549 4449 1646 4514 simpli·
1682 4443 1755 4500 1190
1776 4449 1791 4498 l.
1811 4443 1836 4498 1.
1856 4447 1883 4496 91
1910 4461 1931 4498 6.
1952 4443 2024 4498 aab

326 4531 354 4582 In
374 4539 432 4584 actu
451 4533 588 4584 creationis
608 4537 636 4584 61
653 4523 754 4584 infinito
774 4549 824 4588 non
845 4541 883 4590 est
902 4535 968 4590 ordo
1006 4533 1080 4584 citata
1100 4535 1109 4584 l
1128 4533 1179 4584 162
1197 4533 1393 4586 6.2-66666
1411 4549 1470 4588 esse
1488 4537 1594 4590 aliunde
1607 4551 1646 4590 ac·
1736 4535 1815 4584 -ln
1835 4533 1959 4586 creaturis
1979 4541 2017 4584 est
2036 4531 2157 4584 indivisio
2174 4543 2234 4584 curu
2247 4535 2321 4584 acius
2425 4559 2427 4562 -

327 4617 467 4672 nobilitatis
488 4619 504 4668 tl
524 4621 558 4670 29
580 4617 608 4670 1*
1006 4625 1113 4686 ceptum
1132 4635 1181 4674 nec
1193 4629 1231 4674 cst
1245 4635 1323 4674 suum
1337 4635 1394 4674 esse
1407 4623 1417 4674 l
1430 4623 1511 4682 1676.
1526 4625 1552 4678 3.
1565 4625 1616 4678 166
1630 4641 1644 4678 6
1682 4631 1708 4676 66
1727 4623 1855 4688 66666066
1868 4622 2018 4675 66666616666
2037 4609 2049 4672 1Ι
2064 4619 2109 4672 161
2128 4619 2195 4670 b—
2207 4621 2234 4672 In
2246 4621 2319 4672 omui

378 4735 414 4746 -
433 4707 545 4760 0666666
567 4709 684 4760 consistit
710 4711 736 4760 in
761 4713 854 4765 maiori
878 4711 966 4764 distin·
1005 4723 1045 4776 sq.
1065 4707 1116 4760 639
1136 4723 1161 4762 a.
1179 4709 1408 4764 7726-661666
1426 4725 1484 4764 6666
1501 4713 1608 4766 6166666
1620 4719 1646 4768 66
1683 4717 1799 4764 66661666
1819 4711 1905 4764 6611666
1922 4723 1976 4776 666
1993 4713 2076 4760 66666
2095 4707 2167 4776 6666
2185 4715 2319 4760 66666666

326 4797 410 4850 661666
440 4801 465 4848 66
503 4797 686 4860 pulcritudinis
720 4797 852 4852 additione
883 4801 901 4852 ll
932 4799 960 4852 71
1004 4797 1120 4862 quodam
1151 4797 1230 4850 modo
1256 4799 1415 4852 accidentale
1441 4803 1461 4852 ll
1490 4803 1582 4854 6666
1609 4829 1647 4842 -
1682 4809 1755 4854 actus
1774 4813 1834 4852 cum
1860 4795 2159 4862 66661611111676.1.
2183 4796 2229 4848 168
2255 4795 2280 4848 b.
2299 4797 2318 4846 ll

325 4884 650 4950 6661-6666666666
680 4887 766 4940 minus
793 4887 903 4952 dignum
932 4891 966 4940 in·
1004 4887 1644 4942 666666666616666611696.1.16168-
1681 4889 1711 4940 91
1736 4887 1764 4938 3*
1783 4915 1818 4926 -
1838 4893 2036 4952 alcstageas,
2057 4883 2318 4938 babeidiilerentiam
2411 4893 2414 4900 ·

325 4973 397 5040 diget
417 4973 508 5024 maiori
534 4979 627 5028 666666
654 4975 672 5028 tl
701 4975 752 5026 366
773 4975 855 5028 1*-
873 4977 964 5030 Omnia
1004 4971 1456 5040 066666666666666666666616666
1477 4979 1602 5030 6661666
1625 4979 1644 5032 ll
1682 4977 1840 5028 substantiae
1859 4981 1883 5028 66
1902 4975 2056 5040 6666666666,
2078 4975 2318 5040 uisslingeuerr,

325 5061 453 5114 elementa
473 5075 524 5112 non
545 5063 649 5114 6666666
674 5063 751 5116 simul
773 5063 879 5130 666616,
899 5067 967 5120 66666
1004 5061 1038 5114 62
1058 5065 1074 5114 6.
1094 5063 1109 5114 6
1128 5089 1165 5102 -
1184 5065 1251 5116 nulla
1272 5063 1350 5118 66666
1374 5079 1431 5118 6666
1452 5071 1535 5118 totum
1554 5067 1644 5134 simul,
1682 5065 1852 5118 differentiam
1866 5065 1993 5130 suppositi
2007 5071 2033 5116 66
2045 5065 2177 5126 666666666,
2192 5071 2278 5116 tuens
2291 5065 2316 5112 66

325 5149 428 5202 fuerant
450 5151 528 5202 simul
557 5149 676 5202 distincta
703 5149 737 5204 r'b.
767 5151 796 5204 1*
814 5181 849 5194 --
869 5155 965 5208 Tribus
1003 5151 1050 5202 scd
1070 5151 1148 5202 babet
1166 5167 1223 5204 esse
1241 5151 1358 5218 quodam
1379 5153 1460 5206 modo
1480 5157 1504 5204 in
1530 5157 1643 5220 potentia
1681 5169 1724 5220 se,
1742 5153 1912 5204 differentiam
1932 5153 1997 5202 entis
2015 5157 2042 5202 66
2058 5165 2115 5220 6666
2135 5152 2145 5203 1
2165 5151 2247 5202 1686

326 5237 420 5292 666666
437 5241 622 5292 666666666666
639 5241 723 5292 666666
742 5247 781 5292 666
799 5247 905 5296 6666666
925 5259 966 5296 na·
1004 5245 1029 5290 et
1049 5239 1164 5306 61666666
1182 5243 1375 5310 successionem
1396 5243 1460 5292 6162
1475 5241 1642 5310 666666.
1733 5269 1769 5280 -
1787 5241 1872 5292 omnis
1889 5247 1928 5292 est
1956 5239 2082 5292 vertibilis
2110 5243 2136 5290 et
2153 5235 2316 5298 6616611161

324 5331 398 5378 66666
416 5327 544 5392 caelestis,
566 5329 720 5392 perspicuae
739 5337 764 5382 66
784 5333 913 5384 6666666666
932 5329 963 5386 id.
1055 5331 1194 5382 -omnis
1217 5327 1296 5382 babet
1319 5331 1460 5382 vanitatem
1485 5335 1509 5382 el
1535 5333 1643 5396 6666616-
1682 5331 1732 5384 168
1751 5331 1768 5382 6.
1789 5331 1803 5382 2
1821 5355 1858 5368 -
1876 5327 1959 5392 06666
1978 5343 2036 5382 6666
2062 5331 2178 5380 creatum
2204 5331 2242 5378 661
2262 5341 2319 5378 mu·

324 5429 394 5466 a-
413 5415 508 5480 Quinto
527 5415 569 5468 die
589 5415 717 5480 producta
735 5425 795 5470 sunt
814 5421 926 5474 natalitia
940 5427 965 5472 66
1003 5417 1100 5468 tionem
1125 5429 1185 5468 cum
1211 5431 1261 5470 nou
1288 5419 1374 5470 cssel
1399 5419 1450 5470 160
1478 5433 1536 5484 arg.
1565 5419 1582 5472 5
1606 5447 1643 5460 -
1681 5421 1757 5474 labile
1779 5423 1804 5472 66
1832 5417 1956 5470 variabile
1977 5417 1994 5468 lt
2015 5415 2065 5468 661
2086 5417 2102 5468 i.
2121 5415 2136 5468 3
2157 5443 2191 5454 ·-
2210 5429 2257 5482 666
2277 5429 2318 5468 na-

323 5503 445 5568 volatilia,
464 5517 532 5570 6666
546 5507 681 5574 Ι6666166666
698 5505 733 5556 ad
752 5515 874 5560 ornatum
894 5513 964 5560 nalu-
1002 5501 1144 5559 creationis
1182 5507 1346 5570 profunditas
1376 5511 1416 5560 esi
1444 5509 1547 5566 vanitas
1582 5523 1640 5562 esse
1680 5513 1765 5560 iuram
1785 5521 1858 5560 suam
1878 5511 1918 5558 est
1936 5505 2061 5558 vertibilis
2081 5511 2106 5558 et
2123 5503 2277 5558 defectibilis
2288 5505 2316 5556 111

324 5605 370 5646 666
396 5593 567 5658 perspicuae,
590 5599 663 5645 66666
687 5607 752 5646 6666
776 5595 818 5646 616
844 5595 964 5660 gressibt·
1002 5595 1080 5646 creati
1100 5595 1143 5646 13
1165 5595 1236 5646 b—
1253 5595 1279 5646 in
1300 5601 1426 5658 quantum
1445 5603 1484 5648 esi
1502 5579 1534 5646 ex
1553 5597 1641 5664 666616,
1680 5597 1731 5648 269
1752 5595 1781 5646 1*
1798 5621 1835 5634 -
1853 5599 1891 5648 est
1911 5593 2054 5660 mutabilis,
2072 5607 2132 5646 cum
2147 5607 2193 5658 per
2213 5595 2318 5646 6666666-

324 5679 357 5732 116
376 5685 429 5730 tam
449 5679 606 5732 irrationalia
632 5695 713 5748 66666
736 5685 875 5748 rationale,
893 5699 962 5750 quae
1002 5695 1051 5744 666
1080 5689 1199 5734 naturam
1232 5697 1307 5734 suam
1338 5673 1455 5736 subiacet
1485 5687 1591 5736 vanitati
1622 5685 1641 5736 lt
1679 5697 1739 5736 nem
1763 5691 1878 5736 mutetur
1899 5683 1906 5734 l
1926 5683 1977 5736 169
1996 5683 2013 5732 6.
2033 5681 2058 5734 6.
2079 5683 2098 5734 11
2117 5681 2151 5734 32
2170 5695 2184 5734 6
2204 5691 2317 5734 -sunt

324 5769 453 5832 666666666
485 5767 517 5820 66
549 5775 671 5820 ornatum
701 5775 786 5824 terrae
815 5773 835 5824 ll
865 5771 917 5824 381
944 5771 962 5824 6
1003 5767 1054 5820 660
1073 5769 1111 5820 2*.
1130 5769 1182 5820 666
1202 5769 1227 5820 6.
1255 5769 1307 5822 639
1326 5787 1351 5822 6.
1370 5771 1422 5822 668
1441 5769 1458 5824 6
1478 5799 1512 5810 ·-
1532 5773 1639 5826 Vanitas
1679 5769 1816 5826 mutabiles
1836 5785 1885 5824 non
1907 5771 2005 5836 solum,
2029 5771 2088 5838 6666
2108 5775 2168 5820 sunl
2183 5783 2216 5820 ex
2228 5769 2317 5836 666116,

325 5869 375 5924 66.,
393 5853 424 5906 6*
486 5845 487 5850 ’
1002 5871 1059 5910 6666
1078 5859 1156 5910 666666
1184 5859 1299 5910 consistit
1325 5861 1351 5910 in
1374 5863 1516 5926 mutatione
1537 5863 1568 5916 66
1589 5875 1638 5916 666
1679 5861 1726 5914 666
1744 5861 1804 5928 6666
1823 5859 1920 5910 666666
1938 5859 2175 5924 inseprincipium
2197 5859 2314 5912 mutatio·

377 5973 413 6022 5-
431 5945 556 5998 666666166
575 5947 702 6010 producta
722 5953 783 6000 sunt
797 5949 916 6002 ordinate
929 5963 965 6002 se·
1001 5957 1060 5998 esse
1088 5947 1114 5996 in
1132 5959 1190 5998 asse
1208 5951 1234 5998 et
1252 5947 1278 5996 ln
1298 5949 1446 6000 reversione
1467 5951 1491 6000 in
1510 5965 1561 6002 uon
1581 5965 1638 6004 esse
1678 5949 1719 6002 nis
1736 5949 1755 6000 ll
1775 5949 1807 6000 69
1828 5947 1844 6000 1.
1866 5949 1875 5998 1

303 6021 440 6086 ¹cundum
460 6035 645 6098 perlectionem
675 6039 791 6102 naturae,
810 6039 963 6102 perfectiora
1001 6033 1134 6086 116-
1155 6037 1287 6090 evanescit
1313 6039 1498 6102 6666616666,
1525 6039 1566 6090 661
1593 6053 1641 6104 666
1732 6063 1766 6074 —·-
1785 6041 1845 6088 sunt
1862 6033 2000 6088 mutabiles
2019 6049 2068 6088 non
2084 6035 2168 6088 solum
2187 6044 2313 6102 quantum

323 6123 587 6186 6666666666666611
608 6123 660 6174 386
678 6137 700 6188 6,
720 6123 964 6179 76-666666666
1002 6137 1116 6188 6666666
1135 6113 1218 6176 1316
1250 6181 1251 6184 ¹
1678 6125 1710 6176 ed
1730 6139 1801 6186 esse,
1820 6123 1867 6176 sed
1886 6125 1964 6176 etiarn
1991 6131 2118 6192 66666666
2147 6123 2180 6174 66
2201 6123 2316 6188 6666616.-

323 6209 450 6276 producta
474 6217 534 6264 sont
560 6213 836 6280 animaliaelbomo,
857 6215 903 6268 sed
927 6215 963 6268 dl·
1073 6213 1213 6266 -omnis
1241 6219 1281 6264 cst
1308 6213 1402 6266 umbra
1427 6217 1523 6266 summi
1549 6217 1639 6268 cssel
1678 6211 1827 6264 161661191
1852 6227 1865 6264 6
1886 6203 2315 6278 -661166666666666661166666

323 6301 492 6362 stinguuntur
509 6301 655 6352 secundum
674 6301 852 6354 excellentiam
865 6303 964 6366 gradus
1003 6301 1054 6354 160
1073 6315 1128 6366 arg.
1148 6303 1164 6354 6
1184 6331 1218 6340 -
1237 6303 1321 6354 omnis
1341 6307 1469 6370 66661666
1489 6311 1527 6356 666
1546 6303 1578 6354 66
1598 6315 1639 6366 66,
1677 6301 1849 6354 variationem
1872 6301 2019 6354 secundum
2039 6299 2180 6352 accidentia
2200 6299 2311 6352 66666

322 6393 348 6440 66
367 6387 498 6450 dignitatis
515 6387 535 6438 11
556 6387 607 6440 383
626 6401 648 6440 6.
677 6387 802 6442 10661
826 6391 963 6444 -Etiam
1002 6389 1110 6444 6666666
1121 6399 1161 6444 666
1173 6389 1500 6444 1111116-6666666666
1517 6397 1639 6456 66666666
1679 6417 1713 6426 -
1734 6391 1758 6442 ln
1778 6389 1911 6456 aliquibus
1934 6389 2003 6442 nulia
2030 6389 2312 6444 666666666666166661

322 6477 421 6544 6661666
434 6477 482 6528 6616
505 6475 632 6540 producta
660 6475 963 6532 66666666111371*
1001 6477 1047 6534 Del
1071 6479 1100 6530 111
1123 6477 1175 6530 326
1199 6479 1227 6532 d.
1247 6479 1261 6530 3
1283 6507 1316 6516 ·-·
1334 6495 1381 6544 666
1406 6495 1434 6532 66
1458 6489 1497 6534 666
1522 6479 1640 6532 informis
1680 6479 1724 6530 161
1749 6477 1830 6528 1*-
1850 6477 1953 6544 6166666
1972 6483 2032 6530 sunt
2043 6477 2252 6542 incorruptibiles
2265 6493 2312 6546 per

323 6563 512 6630 —Quaedam
533 6569 654 6618 creantur
682 6571 741 6630 post
758 6579 826 6632 opus
845 6579 891 6618 sex
911 6567 964 6618 die·
1001 6579 1050 6618 nec
1072 6567 1206 6634 formatur,
1232 6567 1280 6620 6661
1309 6567 1377 6620 0666
1404 6567 1499 6620 tribuat
1529 6569 1639 6618 sormam
1677 6555 1804 6632 naturam,
1823 6567 1865 6620 vel
1883 6581 1930 6632 per
1949 6567 2088 6632 gratiam!
2113 6567 2160 6618 160
2179 6565 2206 6618 b.
2221 6567 2267 6618 161
2285 6565 2313 6618 1*

322 6663 394 6718 rum,
415 6665 483 6718 6666
502 6665 553 6704 666
572 6657 633 6704 6666
652 6653 686 6706 66
703 6653 789 6718 prima
803 6657 962 6720 perfectione
1002 6657 1146 6708 naturalem
1164 6663 1209 6708 aut
1229 6657 1339 6722 gratiam
1359 6657 1377 6706 ll
1396 6655 1446 6708 267
1460 6671 1484 6708 a.
1504 6657 1554 6708 296
1574 6655 1640 6708 b-
1677 6683 1712 6694 -·
1729 6656 1875 6720 spirituales
1893 6657 1950 6708 licei
1970 6653 2101 6708 6666666166
2119 6653 2245 6718 absolute,
2268 6669 2313 6706 66-

321 6741 438 6792 66666666
455 6741 476 6792 11
496 6739 548 6792 387
565 6755 588 6806 6,
610 6739 638 6792 1*
655 6771 691 6780 -
710 6741 846 6808 Quaedam
871 6743 963 6810 primis
1001 6743 1086 6794 omnis
1105 6745 1202 6796 ratione
1221 6757 1286 6798 suae
1308 6743 1450 6808 tragilitatis
1477 6745 1569 6798 dicitur
1595 6743 1639 6808 iig-
1677 6745 1791 6796 166611166
1820 6757 1872 6796 666
1904 6747 2013 6810 6666666
2037 6743 2178 6808 6666666ρὶ
2212 6741 2229 6792 ll
2261 6741 2312 6792 661

320 6823 417 6878 616666
438 6827 543 6882 1666666
564 6829 693 6894 producta
711 6831 743 6882 in
767 6832 860 6898 simili,
883 6839 962 6898 6666·
989 6837 1118 6882 66666666
1138 6831 1227 6884 11128
1247 6831 1272 6882 6.
1296 6833 1304 6882 1
1676 6845 1732 6896 arg.
1752 6829 1767 6882 1
1787 6859 1822 6870 -
1841 6837 1925 6898 666661
1942 6847 2000 6884 6666
2019 6831 2114 6884 infinita
2130 6829 2274 6898 duratione,
2286 6831 2311 6882 ln
