5792 8392
358 713 422 782 166
1157 705 1158 710 ’
1202 703 1317 772 INDEX
1339 703 1530 770 SECUNDUS

618 801 684 852 cna
706 795 762 866 66)
1343 791 1400 858 <tii
1659 849 1662 856 .
1956 789 2020 840 aaa
2044 787 2098 856 061

356 889 544 952 essentialiter,
569 887 614 940 sed
646 899 675 938 cx
705 885 795 938 ordine
827 881 859 936 ad
886 881 1005 936 diversos
1041 881 1158 948 politicas
1177 881 1211 932 ad
1230 879 1461 944 complementum,
1492 879 1683 932 1661666666-
1718 875 2357 940 6666166666616666666661666616667816.

352 977 469 1028 vatterius
485 977 522 1028 lv
541 975 630 1028 i70b
1040 973 1161 1020 currente
1183 967 1372 1020 assuefactione
1390 967 1419 1018 lli
1439 965 1490 1018 783
1510 981 1522 1018 6
1541 965 1680 1016 -Gratia
1719 965 1770 1016 679
1791 965 1809 1016 i.
1827 965 1852 1016 3.
1874 965 1924 1016 680
1943 965 1960 1016 1.
1982 965 1997 1016 6
2013 989 2050 1004 ··-
2068 965 2123 1016 666
2136 963 2248 1016 debetur
2260 977 2358 1016 corona

415 1077 486 1114 —a
517 1061 657 1116 virtutibus
689 1061 807 1128 gratuitis
836 1073 888 1112 non
916 1059 1003 1112 diiiert
1041 1061 1209 1120 augmentata
1228 1061 1349 1106 crescunt
1368 1061 1393 1106 ct
1411 1061 1513 1106 ceterae
1530 1053 1683 1106 virtuteslll
1719 1051 1819 1118 gloriae
1843 1053 1890 1104 nisi
1916 1055 1940 1106 66
1961 1055 2006 1118 qut
2025 1051 2106 1104 habet
2123 1055 2233 1116 gratiam
2252 1061 2358 1114 gratum

361 1153 416 1204 sola
436 1151 535 1202 ratione
554 1151 672 1214 dicendi,
693 1151 738 1202 sed
752 1153 790 1202 est
803 1147 907 1200 babitus
920 1146 1006 1200 abeis
1041 1141 1094 1196 806
1114 1141 1143 1196 6*
1160 1169 1197 1184 -·-
1214 1141 1368 1196 Secundum
1391 1143 1491 1206 gratiae
1510 1143 1680 1208 quantitatem
1718 1139 1858 1202 lactentem
1885 1139 1903 1190 ll
1924 1139 1974 1192 678
1994 1143 2010 1194 1.
2030 1139 2046 1192 6
2065 1169 2100 1178 -
2119 1141 2258 1206 singularis
2277 1139 2358 1192 habet

362 1239 483 1292 diversas
509 1239 636 1292 666676
664 1253 722 1306 sqq.
755 1235 819 1290 Vide
843 1235 874 1288 V.
898 1231 1006 1288 Caritas
1041 1241 1081 1284 est
1108 1234 1280 1294 augmentum
1301 1229 1326 1280 16
1346 1229 1488 1280 virtutibus
1506 1229 1682 1296 quantumad
1718 1227 1908 1280 ordinationem
1928 1229 1959 1280 66
1981 1233 2043 1296 666,
2071 1239 2100 1284 61
2126 1231 2201 1284 666661
2225 1235 2358 1286 bominem
2396 1271 2402 1278 .

365 1323 499 1380 -bobr'ius
518 1325 690 1378 -deilnitnr
703 1325 768 1376 fides
779 1337 840 1376 cum
854 1323 1006 1388 dilectione,
1042 1321 1168 1372 rationem
1190 1317 1292 1384 gratuiti
1313 1317 1344 1370 lV
1365 1315 1417 1370 396
1436 1317 1461 1370 b.
1482 1317 1533 1370 386
1548 1315 1585 1382 8*,
1606 1315 1683 1368 6*-
1718 1317 1814 1368 mereri
1841 1329 1974 1368 summam
2002 1317 2188 1372 beatitudinem
2209 1317 2307 1372 111686
2327 1319 2358 1372 3*

362 1427 413 1466 non
434 1415 617 1478 essentialiter,
638 1413 684 1466 sed
703 1427 751 1478 666
770 1409 899 1474 posterius
917 1415 1005 1472 61666
1043 1405 1140 1460 Omnes
1151 1405 1263 1460 babitus
1281 1407 1386 1470 gratuiti
1413 1407 1439 1456 66
1467 1405 1554 1456 anima
1580 1405 1682 1456 6611666
1718 1403 1908 1454 -ordinatur
1927 1403 1959 1456 ad
1981 1407 2131 1460 merendam
2162 1409 2286 1474 gloriam,
2306 1421 2358 1460 non

363 1503 501 1562 ellectum,
519 1501 561 1550 vel
589 1513 638 1564 per
662 1499 890 1552 concomitantiam
914 1495 1006 1550 16668
1044 1497 1142 1560 gratiae
1160 1495 1325 1546 informantis
1337 1499 1397 1544 sunt
1416 1493 1532 1558 aequalis
1551 1493 1684 1556 dignitatis
1721 1491 1830 1556 gratiam
1856 1491 1967 1556 primam
1996 1493 2039 1544 661
2067 1495 2359 1558 6666666116616666611

365 1589 436 1640 (6.8.
456 1587 507 1640 668
528 1583 558 1638 6*
977 1583 981 1590 “
1043 1587 1069 1634 66
1088 1583 1171 1634 meriti
1191 1583 1218 1634 iil
1238 1579 1289 1634 768
1311 1579 1335 1634 b.
1360 1579 1411 1634 763
1433 1577 1469 1632 id.
1490 1581 1572 1632 8036
1720 1577 1771 1630 730
1792 1575 2058 1644 6*-6666666160
2081 1583 2229 1636 fruitionem
2258 1583 2304 1634 Dei
2329 1587 2358 1638 lli

403 1653 1007 1728 63-6616661666166666666666666·
1081 1671 1113 1722 66
1133 1697 1169 1710 -
1188 1685 1252 1724 usus
1264 1671 1365 1732 gratiae
1379 1673 1418 1722 est
1430 1667 1551 1722 mesilam
1562 1669 1580 1720 ll
1594 1669 1645 1722 668
1659 1683 1683 1720 a.
1720 1667 1753 1720 63
1772 1665 1810 1718 3*.
1823 1667 1874 1718 880
1888 1665 2093 1722 6*-66666166
2111 1673 2187 1724 ctiam
2207 1673 2293 1724 carnis
2305 1673 2359 1736 gio-

364 1763 766 1816 116661617836-666666
794 1763 904 1828 gratiam
928 1759 1008 1814 babet
1046 1757 1236 1812 613886*-
1254 1757 1460 1824 066666661666
1481 1757 1683 1822 competiturus
1720 1753 1921 1808 riiicatlonemll
1939 1755 1991 1808 786
2009 1755 2252 1824 5*-gratisdata
2272 1767 2358 1826 potest

365 1865 458 1904 omncs
476 1853 587 1904 virtutes
605 1851 634 1902 lll
652 1849 742 1904 79816
761 1877 796 1886 -
816 1849 888 1902 Dona
906 1851 1008 1914 gratiae
1045 1847 1413 1900 6166166666661666666668
1436 1843 1462 1896 6*
1481 1871 1515 1884 -
1535 1845 1595 1896 iacit
1616 1859 1684 1908 opus
1721 1843 1814 1894 mereri
1833 1843 1944 1908 gloriam
1964 1843 1997 1896 de
2015 1859 2133 1910 congruo
2154 1849 2277 1902 616676

369 1943 471 2004 gratum
485 1939 600 1990 sarcinatis
615 1937 711 1990 lrabeat
723 1939 909 1992 connexionem
926 1951 1008 2006 quan·
1045 1935 1119 1988 liberi
1138 1935 1237 1988 arbitrii
1265 1935 1428 1988 meritorium
1455 1931 1526 1998 apud
1556 1933 1639 1984 ileum
1664 1933 1683 1984 li
1773 1957 1808 1970 -
1826 1931 1962 1984 ordinatur
1980 1933 2012 1984 66
2033 1935 2142 1998 gloriam
2163 1939 2229 1988 sicat
2247 1937 2356 2002 disposi-

365 2033 420 2078 tum
442 2027 473 2078 66
495 2025 1005 2094 666616661666616666666166666
1044 2021 1095 2074 666
1115 2023 1140 2076 6.
1160 2025 1189 2076 111
1208 2021 1470 2076 soah—notun
1490 2020 1563 2073 liberi
1583 2021 1683 2072 arbitrii
1722 2021 1755 2072 tio
1777 2019 1904 2072 116666.
1923 2023 1947 2072 3.
1974 2023 2000 2074 111
2030 2025 2079 2076 388
2108 2021 2136 2076 6*
2155 2053 2188 2064 -
2207 2027 2358 2080 immediato

365 2115 530 2180 perfectionis
550 2122 610 2169 sont
629 2117 645 2168 ll
665 2115 716 2168 796
737 2129 806 2168 6-
818 2115 1007 2180 superveniens
1044 2111 1192 2164 ordinatum
1205 2109 1291 2162 reddit
1305 2111 1465 2162 meritorium
1480 2109 1497 2160 li
1511 2109 1563 2162 667
1583 2111 1600 2158 6.
1619 2109 1643 2172 3,
1665 2109 1682 2160 b
1721 2119 1768 2172 666
1787 2121 1814 2160 sc
1833 2107 1947 2174 disponit
1967 2111 2000 2162 ad
2021 2113 2129 2176 gloriam
2150 2115 2181 2168 lv
2201 2115 2250 2168 639
2272 2117 2357 2180 arga

365 2217 455 2256 secum
485 2205 532 2256 6666
557 2207 648 2258 omncs'
676 2207 783 2258 uirtutes
809 2201 836 2256 iil
867 2201 919 2256 696
938 2217 1007 2254 a-
1043 2227 1077 2240 -
1096 2199 1232 2252 ordinatur
1250 2211 1280 2250 ex
1307 2197 1438 2270 condigno
1466 2197 1500 2250 ad
1527 2195 1682 2248 merendum
1722 2223 1755 2232 -
1774 2199 1812 2246 esi
1831 2197 1920 2248 ultima
1938 2197 2074 2264 dispositio
2094 2201 2125 2254 66
2147 2203 2256 2268 gloriam
2277 2203 2356 2256 1966

366 2291 462 2344 Omnes
489 2291 592 2344 babitus
621 2293 723 2358 gratuiti
749 2297 834 2344 ortum
866 2289 961 2344 babent
991 2307 1004 2342 a
1043 2287 1124 2340 1789
1156 2285 1234 2338 b-
1258 2285 1374 2352 disponit
1397 2285 1431 2338 ad
1451 2285 1551 2354 aliquid
1569 2297 1684 2350 permo·
1721 2285 1738 2336 i.
1758 2283 1767 2334 i
1792 2309 1826 2320 -
1846 2285 2016 2338 sufficientem
2036 2287 2232 2354 dispositionem
2246 2293 2356 2358 6661116

368 2381 448 2444 gratia
468 2385 495 2432 et
520 2381 597 2432 sitnul
624 2379 797 2432 intunduntur
815 2379 843 2430 lli
862 2377 915 2432 760
934 2379 951 2432 b
972 2407 1006 2416 -
1045 2375 1108 2428 dum
1121 2375 1280 2428 necessitatis
1293 2375 1335 2426 aei
1349 2375 1518 2438 congruitatis
1537 2373 1564 2426 111
1583 2373 1634 2426 880
1655 2371 1683 2426 6*
1721 2373 1818 2424 viatore
1848 2371 1879 2424 ad
1904 2373 2071 2428 obtinendam
2092 2377 2200 2442 gloriam
2221 2381 2237 2432 ii
2258 2381 2307 2432 668
2330 2381 2358 2432 3*

368 2465 1006 2532 966666666661666661666666666166660661
1044 2491 1077 2502 -
1096 2465 1253 2516 sufficienter
1281 2477 1443 2528 praeparans
1461 2461 1521 2514 iacit
1539 2463 1633 2514 mereri
1655 2461 1683 2514 ii·
1721 2485 1755 2498 -
1774 2465 1812 2512 est
1830 2459 1968 2526 dispositio
1992 2465 2064 2516 vetut
2084 2471 2230 2522 necessaria
2252 2469 2286 2520 ad
2306 2471 2358 2534 gio·

368 2555 522 2606 eminentiae
553 2555 639 2606 tribuit
668 2555 765 2608 bomini
791 2567 882 2606 omnes
902 2555 1006 2608 babitus
1044 2553 1101 2618 lod,
1121 2551 1154 2604 ad
1174 2553 1245 2618 quod
1274 2555 1428 2616 praeparat,
1447 2551 1542 2602 merito
1560 2549 1682 2614 condigni
1722 2549 1788 2600 riam
1805 2549 1903 2600 116638
1917 2549 2112 2606 dl-babet
2129 2559 2358 2610 commensuratio·

368 2645 491 2696 iacientes
508 2645 542 2696 ad
561 2645 734 2708 integritatem
762 2643 874 2696 iustitiae
891 2645 918 2694 66
937 2649 1002 2696 statu
1045 2641 1071 2692 iil
1097 2639 1146 2692 666
1175 2639 1473 2702 16--8166666166
1499 2639 1570 2702 6666
1601 2639 1681 2690 betam
1722 2649 1780 2688 uem
1799 2635 1833 2688 od
1853 2637 1963 2702 gloriam
1983 2641 2127 2694 secundum
2150 2645 2358 2710 proportionabi-

368 2729 543 2784 6666611160
563 2731 711 2784 1)-6666
733 2733 830 2798 gratiae
851 2733 1006 2798 gratumia·
1046 2741 1121 2780 nemo
1151 2733 1239 2792 potest
1270 2729 1371 2780 mereri
1394 2729 1488 2780 merito
1514 2727 1638 2792 condigni
1666 2729 1681 2778 tl
1721 2725 1832 2790 litatem,
1862 2729 1984 2792 quamvis
2012 2729 2052 2780 illa
2082 2731 2187 2784 excedat
2217 2735 2232 2784 ii
2260 2733 2356 2788 36716.

369 2819 456 2872 cientis
482 2819 933 2888 666666666666611666666166,
961 2821 1005 2888 qui
1044 2819 1090 2870 691
1116 2815 1373 2870 (1.8-61666666
1399 2815 1536 2870 arbitrium
1560 2817 1587 2868 ln
1613 2813 1682 2870 bono
1721 2811 1807 2864 6686

368 2921 420 2960 666
440 2907 928 2976 babentannexamtmperiectionem,
946 2913 1006 2962 sant
1044 2921 1122 2972 66666
1152 2921 1201 2958 666
1233 2911 1317 2972 potest
1347 2903 1475 2970 proficere
1500 2903 1535 2956 ad
1560 2905 1681 2958 meritum
1773 2927 1808 2940 -··
1836 2903 1896 2954 iecit
1922 2903 2060 2958 habentem
2091 2907 2201 2972 dignam
2228 2911 2311 2976 gioria
2340 2911 2356 2962 ii

368 2997 486 3062 aequalia
497 3003 588 3050 anieet
604 3005 661 3062 post
675 2999 777 3062 lapsum
791 2999 810 3050 ii
821 2999 1005 3064 7066666-
1044 2997 1092 3048 nisi
1112 3009 1160 3060 per
1178 2997 1277 3058 gratiae
1300 2993 1460 3046 adiutorium
1486 2995 1503 3046 li
1524 2993 1574 3048 667
1595 2991 1632 3060 3*,
1655 2993 1682 3046 6*
1722 2991 1773 3044 636
1793 2989 1821 3042 6*
1841 3019 1872 3028 -
1893 2993 1977 3044 Gtutia
1997 2999 2102 3058 gratum
2120 2997 2229 3050 iaciente
2248 2999 2358 3052 61666166

368 3085 516 3136 incendium
537 3087 648 3138 caritatis
669 3101 718 3138 non
739 3089 778 3138 est
796 3087 843 3138 nisi
858 3101 870 3138 6
885 3089 969 3150 gratia
988 3089 1005 3138 ii
1048 3083 1110 3136 Vide
1129 3083 1152 3134 V
1172 3081 1257 3134 3667
1720 3079 1779 3146 quis
1796 3077 1894 3146 dignus
1912 3095 2025 3146 superna
2037 3083 2197 3140 beatitudine
2215 3089 2355 3140 ilustris

369 3171 420 3222 168
442 3169 468 3220 i*
485 3197 521 3210 -
534 3173 594 3224 Sine
608 3175 689 3236 gratia
707 3187 759 3224 non
773 3179 811 3224 est
824 3173 927 3226 dilectio
940 3175 1005 3224 cari·
1095 3195 1132 3208 -
1150 3169 1272 3234 ingratia
1286 3169 1430 3220 estiuslitia
1449 3171 1590 3232 meritoria,
1603 3183 1681 3236 quam
1719 3191 1754 3206 -·
1773 3167 1797 3218 in
1818 3177 1944 3232 quantum
1964 3171 2023 3224 lacit
2040 3179 2191 3240 acceptum,
2212 3177 2305 3228 sumcit
2324 3177 2355 3230 ad

367 3259 461 3312 iatisii
482 3259 532 3310 696
552 3259 1005 3314 3*-1]66616666666166660666
1043 3263 1161 3322 66666161
1178 3269 1299 3308 summus
1317 3257 1398 3308 iudea
1424 3257 1459 3308 ad
1484 3257 1680 3312 retributionem
1721 3255 1842 3306 meritum
1870 3257 1938 3308 vitae
1967 3263 2087 3312 aeternae
2114 3261 2142 3312 lll
2171 3263 2204 3314 86
2231 3261 2260 3314 a*
2278 3291 2314 3302 -
2332 3267 2355 3316 16

368 3349 465 3412 gratiae
485 3355 588 3412 gratum
608 3351 723 3402 lactentis
737 3353 745 3402 l
758 3349 810 3400 870
823 3349 843 3402 i.
857 3351 879 3400 6.
892 3351 912 3404 16
926 3349 1005 3402 6806
1043 3353 1175 3398 aeternam
1193 3347 1213 3398 li
1234 3345 1286 3398 666
1304 3359 1318 3396 6
1338 3371 1373 3384 -
1386 3347 1531 3398 neccssaria
1545 3353 1586 3398 est
1598 3345 1631 3398 ad
1644 3347 1682 3398 ta·
1721 3347 1848 3408 quantum
1866 3347 1906 3396 esi
1925 3359 2006 3410 supra
2026 3353 2158 3414 naturam,
2183 3355 2221 3404 est
2240 3353 2355 3404 madium

422 3461 456 3474 -
475 3443 512 3488 cst
531 3437 606 3500 origo
629 3439 756 3490 virtutum
776 3445 804 3490 ut
830 3451 909 3490 causa
935 3439 1005 3490 sulii·
1043 3437 1154 3500 stiriam,
1181 3447 1248 3500 quae
1278 3431 1682 3488 666666611661616.1*-66·
1720 3431 1875 3496 assequendi
1896 3431 2083 3488 beatitudinem
2096 3443 2228 3490 aeternam
2243 3441 2260 3492 ll
2274 3441 2355 3494 69816

368 3523 891 3578 66666168066*-61666166666666
921 3527 1005 3590 datur,
1044 3523 1092 3576 rito
1112 3525 1210 3588 gratiae
1229 3535 1308 3588 opera
1328 3529 1388 3576 suot
1407 3523 1462 3574 lico
1478 3521 1601 3574 amabilia
1619 3521 1682 3574 iba
1721 3547 1754 3556 -
1775 3521 1921 3586 aequivalet
1949 3519 2102 3576 beatitudini
2126 3527 2272 3580 secundum
2291 3527 2359 3580 diri·

368 3613 440 3680 quod
464 3629 556 3668 omnes
578 3613 684 3668 babitus
713 3617 816 3680 gratuiti
847 3621 957 3680 possunt
977 3629 1006 3668 ex
1043 3641 1078 3650 -
1097 3613 1158 3666 8166
1176 3613 1257 3676 gratia
1286 3623 1366 3674 66666
1396 3623 1446 3662 666
1473 3611 1682 3662 sunimcritoria
1721 3621 1781 3658 nam
1799 3609 2004 3672 aestimationem
2024 3613 2032 3664 l
2053 3611 2103 3666 896
2128 3613 2156 3666 8*
2175 3643 2210 3652 --
2228 3623 2268 3670 est
2286 3619 2358 3682 prin-

367 3703 423 3766 ipsa
450 3703 525 3768 oriri,
554 3701 636 3756 libero
662 3703 769 3758 arbitrio
797 3713 954 3770 cooperante
978 3705 1005 3758 ili
1043 3705 1068 3752 et
1088 3701 1141 3752 lieo
1160 3701 1251 3764 placita
1277 3697 1341 3752 ibici.
1367 3727 1403 3736 —·-
1429 3701 1489 3752 8666
1518 3701 1600 3764 gratia
1625 3701 1680 3764 ipsa
1720 3697 1818 3760 cipium
1846 3699 1933 3762 operis
1961 3703 2084 3752 meritorii
2112 3705 2205 3756 merito
2232 3705 2355 3770 condigni

368 3791 420 3842 796
437 3803 453 3842 6
472 3819 507 3830 -
526 3793 636 3844 existens
656 3795 679 3844 in
699 3795 787 3844 aalma
800 3791 1008 3844 carentebabiti-
1045 3803 1124 3862 opera
1145 3789 1285 3842 laudabilia
1303 3801 1370 3840 vana
1391 3793 1452 3842 suot
1469 3789 1486 3842 ll
1506 3785 1558 3840 607
1580 3788 1628 3842 d.i
1648 3815 1682 3826 -
1720 3791 1839 3850 respecto
1859 3789 1958 3850 gloriae
1977 3789 1994 3840 ll
2015 3789 2067 3842 667
2085 3805 2099 3842 6
2118 3805 2157 3860 sq.
2178 3793 2228 3844 668
2250 3791 2286 3860 6,
2306 3793 2335 3846 3*

367 3877 420 3930 bus
440 3881 583 3944 virtutum,
613 3893 642 3932 se
672 3881 750 3932 babet
776 3883 850 3946 quasi
881 3881 1007 3944 originale
1044 3877 1119 3944 Qttod
1140 3879 1225 3932 reddit
1244 3879 1513 3942 Deoaccepiumnon
1528 3881 1682 3942 potestesse
1774 3901 1807 3910 -e
1827 3881 1865 3926 cst
1890 3877 2031 3930 similitudo
2060 3879 2157 3944 gloriae
2186 3881 2274 3934 11668
2296 3881 2356 3934 da

367 3969 527 4032 principium
545 3969 693 4022 iliorumet
712 3983 758 4022 eos
787 3967 1007 4034 productiquan·
1043 3965 1683 4032 666666066187663-81666661166666
1719 3967 1812 4014 -est
1830 3965 1914 4016 media
1935 3967 2002 4018 66166
2019 3975 2139 4022 naturam
2157 3973 2184 4022 et
2202 3969 2312 4034 gloriam
2324 3971 2358 4024 lii

368 4061 424 4106 tum
443 4055 477 4106 ad
495 4071 552 4108 esse
572 4057 731 4122 primurnill
751 4055 801 4108 698
822 4057 895 4108 b—
914 4057 1007 4110 dicitur
1043 4055 1104 4106 nibil
1124 4061 1241 4120 acceptat
1271 4055 1295 4106 in
1326 4055 1452 4118 operibus
1478 4053 1573 4106 nostris
1592 4054 1609 4106 il
1631 4055 1676 4106 696
1721 4049 1788 4102 661.
1812 4053 1821 4100 i
1844 4055 2034 4106 -locboatur
2055 4059 2079 4106 in
2105 4063 2172 4112 statu
2201 4061 2273 4124 6666,
2301 4073 2359 4112 coa·

367 4143 507 4210 aliquando
521 4147 598 4196 simul
610 4145 711 4198 iniundi
725 4159 786 4198 cum
798 4145 931 4198 habitibus
947 4145 1007 4198 sub·
1044 4145 1071 4196 6.
1090 4145 1104 4196 8
1124 4169 1159 4184 -
1178 4143 1322 4196 neccssaria
1351 4147 1404 4208 est,
1433 4149 1461 4196 ut
1487 4141 1557 4194 Deus
1577 4141 1682 4208 aliquod
1720 4145 1867 4192 summetur
1887 4141 1910 4190 in
1931 4147 1998 4194 statu
2018 4143 2117 4208 gloriae
2135 4147 2154 4198 ii
2173 4147 2359 4214 6006-66·

366 4233 453 4286 stratis
472 4235 610 4300 virtutum,
630 4235 772 4302 aliquando
790 4235 925 4302 simillia,
945 4249 1005 4288 cum
1043 4247 1110 4298 opus
1140 4229 1682 4296 666666616666161661166666116886
1720 4229 1782 4280 16666
1801 4227 1962 4296 adaequatur
1974 4233 2073 4294 gratiae
2085 4235 2145 4286 viae
2158 4235 2177 4286 ll
2192 4235 2241 4286 066
2254 4235 2268 4286 1.
2289 4237 2305 4288 8
2324 4265 2359 4274 -

368 4325 455 4372 tamen
475 4321 507 4374 de
521 4337 548 4376 se
561 4337 668 4388 semper
680 4325 843 4376 uniiormiter
854 4323 1007 4376 infundatur
1042 4347 1079 4358 -
1097 4325 1203 4384 gratnm
1222 4321 1320 4372 iaciens
1334 4321 1477 4372 necessaria
1490 4321 1577 4372 estad
1590 4319 1682 4372 facien·
1719 4317 1819 4368 booten
1838 4319 1938 4382 gratiae
1956 4327 2061 4382 gratum
2079 4321 2196 4376 iactantis
2213 4325 2359 4378 nonhabet

367 4409 463 4460 111600
482 4409 511 4462 6*
530 4437 564 4450 -
584 4425 635 4464 666
654 4427 743 4466 secum
764 4413 810 4464 1661
831 4415 855 4464 16
875 4413 1005 4466 inlusione
1043 4407 1107 4460 dum
1127 4409 1390 4474 censuariorum,
1412 4407 1483 4474 quod
1505 4409 1682 4460 ordinaturin
1718 4419 1768 4470 per
1786 4405 1897 4468 gloriam
1916 4409 2114 4474 evacuari,scd
2133 4413 2220 4478 potius
2240 4427 2359 4466 consum·

368 4499 918 4568 66166661666666666616666666666616
941 4503 1005 4554 inte·
1043 4497 1122 4550 linem
1142 4499 1160 4550 li
1180 4499 1230 4550 689
1251 4511 1266 4548 6
1283 4523 1320 4536 -··
1333 4499 1476 4550 necessaria
1496 4499 1585 4550 estad
1604 4511 1683 4550 omne
1721 4495 1785 4544 mad
1805 4495 1833 4546 ill
1853 4495 1904 4546 688
1925 4493 1962 4562 6*,
1984 4499 2013 4548 6*

368 4587 487 4650 grttatem
508 4589 654 4640 secundum
672 4589 805 4644 materiale
819 4595 843 4642 ei
854 4589 965 4642 iornrale
977 4589 1006 4640 lli
1043 4599 1124 4652 opus,
1154 4585 1225 4652 quod
1250 4585 1338 4652 aliquo
1366 4585 1447 4638 modo
1468 4593 1508 4638 est
1533 4587 1683 4640 ordinatum
1773 4609 1807 4620 -·
1826 4595 1878 4634 non
1897 4589 2027 4650 repugnat
2046 4587 2144 4652 gloriae
2162 4589 2183 4640 ll
2200 4589 2251 4642 660
2264 4589 2359 4642 16-

368 4673 419 4726 686
440 4673 478 4726 l*.
496 4673 576 4728 6986
594 4703 630 4716 -
649 4691 700 4730 666
719 4677 894 4730 videturesse
913 4679 1008 4742 666661-
1043 4673 1077 4726 66
1109 4673 1299 4742 assequendam
1330 4673 1516 4728 beatitudinem
1549 4673 1611 4730 ibid.
1643 4689 1682 4742 sq.
1720 4675 1806 4736 potest
1823 4685 1881 4724 esse
1898 4673 1975 4724 simul
1997 4687 2057 4726 cnm
2076 4677 2157 4740 gloria
2179 4677 2211 4730 16.
2231 4679 2250 4730 b
2267 4693 2358 4730 -ua·

367 4765 441 4828 pium
461 4765 595 4828 virtulum,
609 4765 676 4818 sicut
689 4769 791 4818 animae
810 4765 954 4820 substantia
968 4771 1008 4820 est
1042 4789 1080 4802 -
1097 4763 1272 4826 praeueniens
1298 4763 1459 4814 voluntatem
1487 4765 1629 4830 requiritur
1655 4765 1682 4814 in
1720 4759 1836 4814 turaliter
1853 4763 1987 4826 praecedit
2006 4763 2117 4826 gloriam
2135 4771 2163 4818 ut
2177 4767 2312 4830 dispositio
2324 4767 2359 4820 ad

367 4853 526 4916 principium
545 4857 720 4916 potentiarum
740 4855 759 4906 ll
778 4853 921 4922 667666.
1043 4849 1120 4904 bonis
1143 4853 1281 4904 meritoriis
1300 4853 1318 4904 ll
1339 4851 1389 4904 863
1409 4849 1440 4902 6*
1466 4877 1503 4892 -·-
1526 4859 1566 4904 est
1589 4851 1684 4904 lunda·
1719 4849 1882 4902 6661116166
1895 4853 1912 4902 1.
1928 4853 1950 4904 3.
1966 4853 2235 4916 6671)-666666661
2248 4855 2357 4922 gloriam

419 4967 457 4978 -
474 4947 579 5006 gratum
596 4943 693 4996 iaciens
720 4949 889 5008 comparatur
911 4943 945 4994 ad
965 4947 1008 4996 ba·
1043 4945 1161 4992 utentum
1181 4941 1360 4994 satisiactlonis
1380 4939 1683 4994 libertaverat)
1719 4945 1850 5004 ternpore,
1872 4939 1913 4992 vel
1933 4939 2247 4996 solumnatur·a111388
2267 4943 2300 5008 6,
2320 4941 2358 4994 l*.

366 5027 438 5082 bitus
456 5031 582 5082 virtutum
601 5033 675 5096 quasi
695 5031 821 5096 originale
839 5033 1007 5098 principiam,
1043 5057 1078 5068 -·-
1096 5027 1168 5080 Dona
1190 5029 1300 5096 grutuita
1320 5029 1463 5082 efficaciora
1485 5043 1554 5082 nuuc
1572 5029 1682 5082 suntad
1719 5027 1769 5080 389
1784 5025 1963 5094 4⁴‘r-*dngeli
1983 5031 2060 5082 simul
2078 5031 2227 5084 babuerunt
2245 5033 2355 5098 gratiam

366 5119 409 5170 vei
428 5119 515 5170 solum
534 5123 561 5170 ul
581 5120 723 5172 informans
746 5129 873 5186 quantum
897 5119 932 5174 ad
950 5135 1008 5174 esse
1043 5117 1215 5184 merendum,
1229 5129 1309 5186 qnam
1322 5125 1382 5168 ante
1394 5117 1497 5180 lapsum
1516 5119 1615 5170 ratione
1635 5117 1683 5170 dii·
1719 5121 1746 5168 61
1759 5117 1869 5180 gloriam
1880 5117 1897 5168 li
1913 5117 1963 5170 167
1977 5117 2004 5170 b.
2016 5119 2045 5170 lil
2060 5119 2112 5170 389
2126 5117 2154 5172 6*
2166 5147 2201 5158 -
2213 5123 2239 5172 66
2253 5121 2358 5172 bomine

367 5207 511 5272 gratuitum
530 5207 560 5258 lll
581 5207 631 5258 688
650 5207 667 5260 b
687 5223 726 5276 sq.
757 5207 808 5260 600
829 5207 856 5260 6*
875 5236 910 5248 -
928 5209 1008 5262 66166-
1043 5207 1177 5272 licuilaiis,
1198 5221 1248 5258 666
1268 5219 1332 5258 vcro
1350 5207 1451 5258 ratione
1470 5207 1683 5272 promptitudinis
1720 5205 1852 5270 praecedit
1870 5207 1980 5270 gloriam
2000 5207 2018 5258 ll
2037 5207 2088 5258 703
2110 5211 2125 5260 i.
2144 5209 2358 5262 3--Homosic

367 5301 421 5348 mat
440 5295 544 5348 babitus
570 5297 696 5350 intormes
721 5291 856 5350 manentes
876 5299 900 5348 16
920 5299 1007 5350 aalma
1043 5297 1185 5348 voluntatis
1205 5297 1224 5348 ll
1247 5293 1298 5348 707
1321 5309 1335 5346 6
1358 5309 1398 5360 sq.
1415 5321 1452 5334 --
1469 5295 1496 5346 16
1520 5301 1587 5348 statu
1608 5299 1683 5348 natu·
1718 5291 1838 5346 conditus
1857 5299 1910 5360 est,
1933 5299 1959 5346 ut
1976 5297 2055 5360 longe
2066 5301 2125 5348 ante
2138 5297 2249 5362 gloriam
2261 5297 2358 5350 babeat

366 5383 396 5438 ili
415 5381 467 5436 699
486 5383 516 5436 8*
533 5385 682 5438 -lormai
709 5391 733 5438 61
762 5387 879 5438 viviticat
902 5387 1008 5438 babitus
1043 5399 1088 5438 rae
1106 5387 1236 5438 institutae
1264 5385 1410 5436 necessaria
1439 5389 1493 5436 6661
1518 5373 1555 5436 'ad
1581 5397 1683 5436 meren·
1719 5381 1828 5448 gratiam
1848 5381 1934 5433 11706
1958 5381 1988 5432 6*

365 5473 492 5526 uirtutum
514 5477 537 5526 ct
556 5489 601 5526 eos
614 5477 673 5526 iacit
687 5475 740 5526 Deo
753 5479 875 5540 acceptos
893 5475 910 5526 ll
925 5473 1008 5528 6676
1045 5475 1124 5540 darn,
1142 5473 1190 5524 sed
1208 5471 1293 5536 magis
1312 5473 1336 5522 in
1356 5475 1424 5524 statu
1443 5477 1551 5524 naturae
1563 5473 1650 5536 lapsae
1664 5473 1683 5524 il
1756 5469 1788 5520 18
1808 5495 1842 5508 -
1862 5471 1938 5522 datur
1955 5485 1989 5522 ex
2005 5485 2078 5524 mera
2101 5473 2265 5538 liberalitate,
2288 5473 2357 5526 nulla

368 5589 402 5598 --
420 5561 546 5614 virtutum
567 5561 669 5614 babitus
695 5561 839 5632 substratos
865 5563 965 5626 6666616
983 5571 1009 5616 61
1045 5563 1095 5614 688
1117 5563 1134 5614 b
1152 5575 1193 5628 sq.
1720 5563 1828 5622 cogente
1848 5567 1983 5612 creaturae
2010 5563 2163 5616 necessitate
2180 5565 2199 5616 ll
2220 5563 2270 5616 636
2291 5579 2304 5614 6
2324 5591 2358 5600 -

366 5649 629 5714 inlormatpersuam
643 5651 843 5714 praesidentiam
857 5657 884 5702 et
901 5651 1009 5702 intluen-
1082 5649 1116 5702 67
1136 5677 1169 5688 -
1189 5651 1237 5702 966
1256 5649 1367 5710 gratiam
1385 5649 1464 5700 borno
1493 5647 1570 5702 babet
1588 5663 1683 5714 perve-
1720 5647 1818 5700 eteius
1847 5649 2085 5702 ususestdonum
2107 5651 2358 5716 gratuitumi1662

368 5739 428 5788 tiam
443 5735 535 5789 111793
549 5749 566 5788 6
579 5763 613 5774 -··-
626 5741 664 5788 esi
677 5739 795 5788 omnium
812 5737 939 5790 virtutum
953 5751 1009 5800 per·
1045 5741 1101 5790 nire
1121 5737 1153 5790 ad
1174 5751 1256 5788 unum
1269 5741 1295 5788 et
1308 5749 1441 5788 summum
1454 5737 1556 5790 Bonum
1569 5739 1586 5790 6
1600 5735 1683 5790 6316
1720 5737 1737 5788 l.
1757 5735 1771 5786 3
1791 5763 1825 5774 -
1847 5735 1912 5790 Usus
1930 5739 2028 5802 gratiae
2048 5741 2167 5804 sequitur
2185 5739 2286 5792 donum
2300 5753 2358 5804 gra·

367 5825 461 5876 lectica
482 5825 509 5876 in
530 5837 588 5876 esse
609 5825 722 5890 gratuito
745 5821 875 5876 1166-
892 5825 1008 5876 Virtutes
1044 5853 1080 5864 --
1098 5825 1222 5878 Crcalura
1250 5825 1381 5878 rationalis
1407 5839 1458 5878 non
1486 5833 1570 5892 potest
1588 5833 1684 5890 perrie-
1721 5825 1812 5878 iuitum
1831 5825 1850 5876 ll
1870 5825 1923 5878 663
1941 5823 2100 5880 3*-6666
2118 5831 2216 5892 gratiae
2236 5841 2360 5894 praesup-

368 5915 513 5966 iormantur
530 5927 545 5966 a
565 5915 660 5980 gratia,
681 5911 828 5966 secundum
847 5913 920 5978 quod
948 5921 1009 5966 sunt
1046 5915 1683 5982 616666666666666,6616666666666-
1721 5915 1793 5978 ponit
1817 5915 1929 5978 gratiam
1956 5919 2082 5982 tanquam
2110 5915 2308 5970 fundamentum
2333 5921 2359 5968 et

368 6005 496 6070 gratuitae
514 6003 542 6056 ill
564 6003 615 6054 807
634 5999 662 6054 8*
680 6031 714 6040 -
733 6003 955 6056 iormatvirtutes
974 6001 1008 6054 ad
1045 6017 1116 6068 ram,
1143 6003 1246 6070 absque
1272 6003 1344 6056 dono
1373 6005 1471 6068 gratiae
1490 6002 1509 6054 ll
1528 6003 1578 6056 689
1601 5999 1628 6054 6*
1646 6031 1683 6044 -
1720 6003 2052 6068 arlembaldicae*

368 6093 488 6144 ultimum
509 6093 585 6144 linem
605 6091 753 6146 ordinando
770 6089 788 6140 il
809 6089 860 6144 668
880 6105 903 6158 6,
926 6089 954 6142 6*
973 6119 1008 6128 -
1045 6093 1213 6158 superaddita
1234 6097 1340 6146 naturae
1359 6093 1682 6160 estprincipiumsaiulis,
1771 6119 1808 6130 -
1825 6091 1908 6144 Nemo
1925 6089 1974 6144 sibi
1988 6093 2037 6156 ipsi
2050 6099 2134 6158 potest
2147 6095 2289 6160 impetrare
2301 6107 2358 6158 gra·

368 6185 406 6232 esi
425 6181 561 6234 essentiale
588 6181 743 6246 virtutibus,
763 6185 841 6242 prout
861 6189 921 6232 sunt
941 6179 1008 6246 prin·
1046 6189 1074 6232 ut
1091 6185 1175 6232 toturn
1196 6181 1251 6234 Deo
1278 6181 1409 6232 tribuatur
1427 6181 1446 6230 il
1465 6179 1515 6232 696
1535 6195 1550 6232 6
1567 6208 1605 6218 -
1622 6181 1682 6234 Sine
1720 6185 1780 6234 tiam
1800 6179 1833 6232 dc
1853 6179 1983 6246 condigno
2002 6181 2010 6230 l
2030 6179 2082 6230 788
2105 6179 2133 6232 6*
2150 6209 2186 6220 -
2205 6197 2254 6242 666
2274 6185 2359 6246 potest

368 6269 465 6334 cipium
485 6271 570 6324 meriti
588 6269 618 6322 iil
643 6269 693 6322 699
713 6269 744 6320 6*
761 6295 798 6308 -
815 6269 938 6336 iniormat
955 6271 1008 6322 616-
1046 6269 1116 6322 dono
1134 6271 1233 6334 gratiae
1252 6271 1276 6320 in
1298 6269 1366 6320 nulla
1384 6269 1443 6334 lege
1460 6269 1585 6334 contingit
1598 6269 1630 6320 ad
1644 6285 1683 6320 sa·
1719 6267 2356 6324 66666666666611666671.6111611836

368 6365 437 6410 16166
454 6365 581 6424 quantum
601 6359 636 6412 ad
653 6357 721 6410 bene
741 6359 904 6410 6666111688
927 6357 1009 6410 6*-
1045 6357 1396 6422 16666666666616616366
1421 6355 1682 6422 8*--666166616-
1720 6359 1770 6414 608
1790 6355 1818 6410 3*
1838 6357 1961 6410 -nullo
1980 6359 2059 6410 modo
2088 6363 2173 6422 potest
2191 6359 2286 6410 cadere
2304 6359 2355 6410 sub

369 6461 417 6500 non
439 6447 498 6500 16611
515 6461 598 6500 unum
618 6461 666 6512 per
679 6447 818 6500 essentiam
836 6461 896 6500 cum
917 6447 1006 6502 babitu
1045 6449 1116 6500 cir-ns
1133 6451 1174 6498 est
1192 6445 1327 6512 dispositio
1352 6447 1484 6500 sufficiens
1510 6445 1545 6498 66
1571 6447 1681 6500 salutem
1719 6449 1810 6500 meritc
1820 6445 1943 6512 condigni
1955 6445 2036 6498 11668
2048 6445 2073 6498 b.
2088 6445 2168 6498 6666
2183 6461 2223 6512 sq.
2234 6445 2262 6498 ltl
2275 6445 2355 6500 idib

367 6536 486 6600 virtutis,
513 6549 593 6602 quern
614 6533 736 6588 inlormat
755 6534 772 6586 ii
793 6535 843 6588 668
864 6551 877 6588 6
897 6563 932 6574 -
950 6551 1008 6600 gra·
1045 6535 1077 6590 lV
1098 6533 1149 6586 606
1169 6533 1186 6586 1.
1206 6533 1222 6584 3
1242 6561 1276 6572 --
1295 6535 1425 6586 Exsistens
1442 6533 1467 6584 in
1487 6535 1568 6596 gratia
1580 6549 1612 6588 ea
1624 6537 1681 6600 ipsa
1721 6565 1753 6574 -
1772 6537 1798 6586 in
1817 6537 1901 6598 prima
1920 6535 2049 6588 inlusione
2073 6533 2107 6588 ita
2133 6533 2212 6588 babet
2230 6535 2355 6586 rationem

368 6635 423 6678 tum
443 6625 539 6678 iaciens
558 6637 620 6676 curn
645 6627 744 6678 virtute
770 6623 874 6676 iniormi
902 6639 954 6678 nou
980 6625 1007 6678 06
1045 6625 1129 6690 prima
1158 6623 1345 6688 gratiapotest
1364 6623 1682 6686 6661666666666161616
1721 6623 1838 6692 gratuiti,
1858 6627 1887 6674 61
1905 6623 1975 6674 66116
1993 6623 2075 6674 modo
2093 6623 2265 6686 compatiatur
2283 6623 2358 6674 ratio·

367 6727 449 6766 unuin
469 6727 518 6778 per
536 6715 691 6780 essentiam,
704 6713 752 6766 sed
765 6713 912 6764 secundum
926 6727 1008 6780 quen·
1043 6711 1143 6764 111786
1162 6713 1179 6764 1.
1199 6709 1215 6762 6
1722 6725 1779 6764 6616
1799 6709 1878 6764 debiti
1899 6712 1916 6762 ll
1936 6711 1986 6762 668
2007 6709 2034 6776 b,
2054 6707 2084 6758 6*
2101 6735 2136 6748 --
2155 6713 2238 6776 661616
2255 6715 2357 6762 antece·

367 6803 428 6854 dam
447 6803 638 6854 ordinationem
657 6807 683 6854 et
700 6801 853 6854 relationem
873 6803 901 6854 lli
922 6801 1005 6854 6986
1097 6801 1218 6854 —Usus
1238 6799 1335 6866 gratiae
1359 6799 1494 6854 ordinatur
1520 6801 1554 6854 66
1579 6815 1682 6854 meren·
1721 6801 1756 6854 dit
1775 6811 1853 6852 omne
1879 6799 2001 6850 meritum
2030 6795 2115 6848 11666
2137 6797 2197 6864 66,
2219 6797 2253 6864 6,
2274 6795 2301 6848 6*
2321 6825 2357 6836 -

419 6917 455 6928 -
473 6889 599 6944 96666666
619 6887 756 6944 habituum
775 6889 923 6944 inlusurum
935 6893 1006 6942 venii
1046 6891 1107 6944 dum
1135 6885 1353 6956 gloriantium
1373 6885 1455 6940 8*-
1475 6887 1680 6956 absquegratta
1721 6889 1803 6956 prima
1823 6887 1950 6940 antecedit
1963 6899 2040 6938 omne
2053 6887 2173 6939 meritum
2188 6891 2265 6938 etesi
2278 6899 2355 6938 causa

361 6989 396 7028 ex
415 6977 653 7042 partegraliaelii
669 6977 1005 7032 libb—ducitvirtates
1044 6983 1149 7046 graimn
1177 6981 1285 7032 iaciente
1304 6989 1355 7028 non
1374 6983 1459 7042 potest
1478 6991 1536 7030 esse
1554 6977 1681 7030 6666661-
1719 6979 1803 7030 omnis
1828 6975 2012 7028 meratitae
2041 6973 2057 7026 1.
2088 6973 2103 7026 6
2131 7003 2165 7012 -
2194 6977 2278 7040 prima
2303 6987 2355 7024 nou
