5784 8384
550 597 616 666 444
1393 591 1722 662 tnnuxsncunnus
1973 669 1979 678 a

846 683 910 738 ortt
2197 679 2262 734 utin

548 773 702 840 dispositive
723 769 1196 840 11929144449304-44444·
1232 783 1290 822 esse
1308 773 1460 832 mortuum,
1478 769 1527 822 sed
1544 767 1624 822 debet
1643 781 1701 820 esse
1718 767 1827 834 vivum,
1845 771 1875 820 ut
1910 765 2023 822 libertati
2040 769 2148 834 spiritus
2169 765 2231 822 41444
2251 793 2285 806 -··
2311 765 2336 818 ln
2360 765 2456 818 diebus
2480 767 2553 820 testis

549 863 611 916 titas
628 861 681 916 dati
695 861 875 916 consideratur
888 861 1017 926 absolute,
1030 859 1072 914 441
1086 861 1110 912 44
1123 871 1196 912 com-
1231 859 1265 910 sit
1283 857 1338 910 Deo
1356 865 1494 922 acceptum
1514 857 1546 910 Ν
1567 855 1617 910 365
1632 853 1812 908 2*-1141441
1828 857 1875 908 bo·
1901 855 2085 918 :probibentur
2093 869 2173 924 opera
2186 855 2287 910 servilia
2302 859 2328 908 et
2339 855 2553 920 maximeopern,

548 951 687 1016 paratione
707 951 740 1002 ad
759 949 846 1002 dantis
862 947 1010 1002 facultatem
1025 945 1194 1012 4192914444.
1231 947 1330 998 minem
1358 957 1493 1012 nunquam
1520 951 1557 996 444
1587 951 1729 1010 mortuum,
1755 949 1781 996 et
1803 943 1874 996 valet
1911 957 1979 1008 quae
2000 945 2127 996 maiorem
2146 943 2272 1010 peccandi
2291 941 2418 1008 praebent
2438 943 2553 994 occasio-

557 1037 621 1092 Vidr
642 1037 674 1092 V.
690 1035 828 1092 4144444444.
1230 1033 1368 1086 recedente
1388 1033 1491 1086 lictione
1511 1033 1544 1086 144
1554 1031 1605 1084 404
1621 1031 1658 1084 4*.
1671 1029 1767 1086 3552*
1779 1033 1872 1084 -Dei
1910 1043 1970 1082 nem
1988 1029 2052 1084 ibid.

605 1153 639 1166 --
659 1125 713 1178 lieo
732 1125 834 1190 placent
852 1125 951 1176 ratione
970 1123 1074 1178 babitus
1087 1119 1190 1190 gratioe
1230 1133 1283 1174 non
1301 1123 1387 1186 potest
1405 1135 1464 1174 esse
1480 1121 1617 1188 obliquum
1638 1119 1670 1172 Ν
1691 1119 1741 1174 455
1767 1121 1785 1172 1.
1802 1119 1819 1170 3
1838 1145 1873 1158 -
1964 1119 2060 1170 044444
2078 1145 2113 1160 -
2133 1121 2238 1186 proprie
2252 1127 2290 1172 est
2310 1131 2436 1172 ascensus
2453 1117 2551 1170 intelle·

551 1215 580 1266 lll
601 1215 651 1266 553
672 1205 734 1266 (1.4
750 1213 911 1266 -virtutis
928 1213 1006 1266 babet
1030 1213 1154 1266 virtutem
1178 1221 1192 1260 a
1231 1209 1428 1262 sacramentalia
1448 1221 1554 1274 semper
1580 1213 1704 1274 prosunt,
1726 1209 1788 1274 qula
1812 1211 1874 1260 sunt
1911 1211 1969 1258 ctus
1981 1207 2008 1256 in
2023 1205 2103 1260 [ioum
2119 1207 2147 1260 114
2160 1209 2208 1260 204
2225 1207 2265 1260 5*.
2276 1209 2328 1260 372
2341 1205 2380 1260 3*.
2393 1205 2445 1260 374
2464 1221 2520 1272 arg.
2534 1207 2544 1260 4

553 1305 660 1356 caritate
677 1301 778 1354 interna
796 1299 880 1354 solum
908 1307 966 1354 eta
990 1299 1044 1352 Deo
1068 1305 1193 1362 pensatur
1230 1311 1311 1362 opera
1334 1299 1377 1350 Dei
1398 1295 1502 1350 114945
1523 1295 1592 1350 b-
1610 1297 1771 1350 sacramenti
1795 1295 1873 1348 1441444
1910 1319 1947 1332 -
1964 1301 2004 1346 444
2022 1295 2082 1360 pius
2104 1297 2200 1348 mentis
2224 1295 2332 1348 auectus
2354 1297 2381 1348 in
2403 1295 2487 1348 Deum
2513 1293 2553 1346 di-

553 1389 697 1442 seeundum
719 1389 868 1458 qualitatem
891 1389 1033 1442 voluntatis
1050 1385 1085 1438 Ν
1105 1383 1192 1436 42514
1230 1387 1351 1438 virtutem
1369 1385 1405 1438 ab
1420 1385 1580 1440 institutione
1597 1385 1685 1438 divina
1706 1389 1730 1438 et
1749 1389 1873 1450 pensatur
1910 1390 1998 1435 rectus
2016 1383 2043 1434 lll
2064 1381 2114 1434 374
2135 1395 2192 1446 erg.
2215 1383 2230 1434 2
2250 1389 2342 1436 -est
2366 1397 2490 1436 ascensus
2514 1383 2553 1434 in-

553 1505 588 1518 -
607 1491 636 1530 444
656 1479 759 1530 caritate
779 1479 875 1532 lectum
898 1471 1193 1538 improportionebiliter
1231 1473 1377 1526 secundnm
1406 1475 1529 1526 meritum
1553 1479 1580 1526 44
1603 1473 1756 1538 dignitatem
1780 1471 1873 1528 Christi
1911 1471 2028 1524 tellectus
2045 1471 2073 1522 in
2092 1471 2184 1536 licum,
2205 1473 2249 1536 qui
2263 1473 2286 1522 in
2301 1471 2448 1524 viatoribus
2459 1473 2487 1524 lit
2504 1485 2553 1536 per

553 1567 652 1620 excedit
671 1579 739 1630 opus
750 1569 821 1620 extra
836 1565 970 1618 ceritatem
982 1563 1078 1614 iactum
1094 1559 1125 1612 Ν
1140 1559 1191 1612 355
1229 1563 1383 1614 instituentis
1397 1561 1428 1614 Ν
1444 1561 1495 1614 425
1510 1561 1527 1614 b
1541 1589 1574 1600 -·-
1588 1563 1752 1614 Sacramenta
1768 1561 1874 1614 baereti-
1913 1571 2013 1614 novum
2031 1565 2166 1626 aspectum
2186 1561 2212 1610 in
2230 1559 2330 1624 Deum,
2348 1557 2500 1614 revocando
2513 1573 2553 1612 co-

554 1655 569 1708 i.
593 1655 618 1710 4.
635 1657 687 1708 356
707 1653 745 1708 5*.
774 1653 824 1704 357
846 1667 915 1704 a—
932 1649 1063 1712 meritoria
1091 1653 1191 1700 sunta
1230 1663 1322 1702 corum
1335 1649 1420 1702 valent
1430 1653 1532 1702 ratione
1541 1653 1629 1716 operis
1639 1653 1737 1716 operati
1748 1651 1782 1704 Ν
1793 1647 1873 1702 30314
1913 1649 2063 1712 gitatlonem
2078 1647 2552 1710 abaliisetconveriendoinlienm,

554 1745 687 1798 voluntate
716 1743 840 1794 movente
866 1737 954 1790 adiuta
980 1749 1027 1802 per
1046 1737 1157 1802 gratiam
1175 1737 1194 1788 ll
1286 1737 1410 1792 Voluntas
1424 1739 1489 1790 4414
1504 1741 1673 1804 pergratiam
1688 1741 1770 1806 gratis
1787 1737 1873 1792 datem
1912 1737 1956 1788 vel
1982 1737 2172 1790 considerando
2198 1739 2339 1790 numanam
2362 1737 2495 1790 miseriam
2526 1739 2553 1788 et

554 1831 606 1884 646
626 1829 655 1880 4*
1231 1829 1317 1890 potest
1335 1827 1477 1892 aliquando
1495 1829 1597 1880 moveri
1621 1827 1656 1878 ad
1680 1829 1768 1896 eliqua
1793 1839 1873 1890 opera
1912 1825 2079 1890 implorando
2100 1825 2307 1878 misericordiam
2330 1825 2358 1878 111
2381 1823 2433 1878 372
2457 1821 2493 1876 3*.
2516 1823 2550 1876 Ν

606 1913 1192 1980 -dicunturviva,quiuproceduntavita
1232 1913 1301 1966 bona
1331 1917 1356 1966 in
1385 1917 1546 1980 generaret
1572 1929 1603 1968 ex
1628 1917 1821 1968 circumstantia
1847 1913 1874 1966 141
1912 1911 1965 1964 948
1983 1911 2014 1964 2*
2031 1939 2066 1950 -
2085 1917 2193 1979 proprie
2212 1921 2250 1968 est
2269 1927 2393 1968 ascensus
2414 1915 2442 1966 in
2466 1913 2551 1966 Deum

552 2007 586 2058 Ν
608 2007 657 2058 356
677 2003 705 2056 3*
725 2031 758 2046 -·
778 2005 931 2056 informatur
950 2017 997 2068 per
1016 2001 1150 2056 4444444444
1169 2005 1194 2052 44
1231 2001 1284 2052 758
1305 2001 1334 2054 4*
1350 2031 1386 2040 --
1411 2003 1533 2056 Peccator
1557 2011 1643 2068 potest
1666 2003 1765 2070 aliquid
1790 2003 1874 2056 tacere
1911 1999 1946 2052 ad
1966 2001 2064 2068 aliquid
2079 2001 2272 2066 degustandum
2294 2003 2336 2054 vel
2354 2001 2550 2068 impetrandum

554 2089 1194 2160 44444444118154.4.8464.4,5-444444444
1232 2091 1266 2142 441
1286 2091 1396 2156 gloriam
1421 2091 1518 2144 Deiex
1544 2095 1624 2156 gratia
1653 2095 1732 2158 gratis
1758 2091 1816 2144 data
1843 2091 1874 2142 Ν
1910 2087 1944 2142 Ν
1965 2089 2049 2140 3684

553 2181 606 2234 dici
623 2181 733 2232 formata
751 2193 801 2244 per
822 2179 998 2232 exclusionem
1025 2177 1194 2230 determitatis
1232 2177 1327 2244 3574,
1347 2177 1375 2230 3*
1399 2179 1462 2234 Vide
1486 2179 1513 2232 V.
1535 2179 1630 2236 Gratia
1649 2177 1700 2238 29.
1722 2209 1758 2218 ν-
1782 2181 1873 2232 44444
1964 2183 2056 2230 -est
2080 2177 2238 2230 desiderium
2265 2177 2373 2230 alicuius
2396 2181 2433 2230 rei
2458 2193 2472 2230 n
2497 2179 2551 2230 Deo

557 2271 672 2336 peccati,
691 2269 739 2322 sed
757 2267 865 2332 proprie
883 2267 1005 2320 dicuntur
1025 2267 1134 2318 formata
1148 2279 1194 2330 per
1232 2281 1284 2318 non
1302 2273 1387 2332 potest
1406 2265 1476 2320 bona
1494 2283 1575 2334 opera
1595 2271 1687 2334 444444,
1715 2269 1761 2320 nisi
1785 2267 1874 2320 iecun-
1911 2265 1944 2316 Ν
1964 2263 2016 2316 348
2036 2265 2052 2318 4.
2074 2265 2090 2316 4
2106 2293 2143 2306 -
2160 2273 2201 2318 444
2219 2265 2379 2318 desiderium
2393 2265 2502 2318 alienius
2515 2269 2552 2318 rei

554 2359 710 2424 positionem
731 2357 862 2422 dignitatis
880 2355 966 2408 meriti
984 2355 1013 2407 411
1032 2355 1083 2406 846
1103 2355 1128 2406 44.
1143 2353 1194 2406 847
1232 2355 1310 2408 detur
1330 2371 1345 2408 4
1363 2353 1466 2410 Christo
1485 2357 1518 2408 Ν
1537 2357 1589 2408 563
1608 2355 1625 2408 44
1911 2353 1954 2406 441
1973 2355 2061 2418 petitio
2086 2355 2195 2406 formata
2219 2353 2364 2406 secundom
2391 2353 2551 2408 desiderium

556 2443 591 2510 4*,
613 2443 641 2500 5*
659 2445 766 2498 —Non
788 2441 923 2510 quodlibet
949 2457 1017 2508 opus
1037 2457 1084 2508 por
1103 2455 1129 2494 se
1151 2441 1193 2494 de·
1286 2471 1320 2482 --
1340 2445 1438 2496 bonum
1460 2445 1594 2510 perlinitur
1617 2445 1661 2498 vel
1685 2457 1733 2508 per
1758 2445 1873 2496 4444414-
1911 2441 1944 2494 Ν
1964 2443 2016 2494 953
2034 2441 2059 2494 d.
2081 2441 2096 2494 7
2114 2469 2151 2482 -
2172 2451 2213 2496 444
2234 2443 2325 2508 petitio
2348 2441 2496 2508 procedens
2520 2457 2550 2496 444

554 2533 598 2588 1444
617 2547 674 2586 4444
692 2533 832 2586 14444444
861 2535 885 2584 44
916 2533 1077 2582 meritorium
1098 2529 1130 2582 ad
1150 2531 1194 2580 im·
1232 2533 1354 2598 ctionem,
1372 2533 1416 2586 vel
1428 2545 1477 2598 per
1489 2535 1599 2598 gratiam
1615 2533 1644 2586 411
1657 2529 1873 2586 iiiia-Fides
1912 2531 2042 2583 voluntate
2060 2535 2087 2582 et
2104 2529 2235 2584 desiderio
2255 2531 2283 2582 441
2301 2531 2352 2582 373
2379 2531 2457 2584 b-
2479 2545 2553 2584 com·

555 2623 679 2688 piendam
696 2623 882 2686 obligationem
903 2619 1088 2672 mandatorum
1103 2619 1194 2670 144846
1232 2629 1271 2676 444
1295 2619 1424 2674 bonarum
1450 2623 1632 2688 operationum
1658 2623 1816 2686 principium
1845 2621 1872 2674 144
1912 2619 2025 2670 munirer
2042 2621 2241 2684 comprehendit
2261 2631 2365 2670 omnem
2385 2625 2471 2672 actum
2491 2633 2551 2672 con·

554 2709 629 2778 hsq,
650 2709 753 2764 114447
774 2707 804 2760 2*
825 2705 887 2762 Viae
912 2705 1098 2764 1444444444.
1232 2709 1284 2764 538
1304 2709 1482 2764 b--Ceritas
1493 2711 1615 2764 continue
1628 2709 1731 2764 ordinat
1742 2717 1770 2764 44
1784 2719 1872 2764 movet
1910 2709 2078 2774 templativae
2096 2707 2129 2760 ad
2149 2709 2231 2762 Deum
2251 2709 2550 2766 4444444173684-

607 2827 641 2838 -
660 2799 707 2850 Per
731 2811 799 2866 opus
822 2797 985 2850 laboriosum
1007 2799 1064 2850 sine
1090 2797 1194 2850 caritate
1232 2799 1266 2852 ad
1286 2799 1356 2854 bona
1373 2813 1453 2866 opera
1475 2801 1492 2852 44
1505 2799 1556 2852 933
1571 2799 1608 2852 3*.
1621 2799 1651 2852 111
1670 2801 1722 2852 892
1735 2797 1765 2852 6*
1778 2829 1811 2838 -
1825 2801 1872 2852 Per
1910 2799 2124 2850 commodissime
2138 2797 2548 2862 compreltenditomnemactnm

553 2895 669 2942 meretur
686 2891 746 2956 quis
764 2889 802 2942 de
816 2901 935 2952 congruo
948 2887 983 2940 Ν
995 2887 1047 2940 390
1059 2885 1194 2952 4443-
1232 2888 1363 2941 bonorum
1382 2893 1494 2954 operum
1510 2889 1749 2956 multiplicationem
1763 2889 1872 2942 virtutes
1910 2883 2162 2940 eunominianos
2183 2885 2213 2940 4*

555 2977 671 3042 Operum
685 2979 815 3030 bonorum
829 2981 900 3028 extra
917 2977 1050 3028 caritatem
1065 2975 1193 3028 lectorum
1232 2977 1371 3030 babentia
1392 2979 1470 3030 nobis
1492 2979 1643 3030 conservari
1667 2983 1693 3030 44
1718 2979 1750 3030 ad
1777 2979 1869 3030 melius
1962 3003 1997 3014 -
2016 2975 2117 3028 ordinat
2136 2975 2169 3030 ad
2188 2977 2273 3028 Deum
2289 2975 2325 3030 Ν
2343 2975 2394 3028 368
2413 2973 2431 3028 14
2451 3001 2485 3016 -
2512 2981 2550 3030 444

554 3079 584 3118 ex
605 3067 673 3118 bona
690 3065 831 3118 intentione
852 3063 975 3116 utilitates
996 3063 1029 3114 Ν
1055 3063 1107 3114 358
1126 3077 1140 3114 4
1160 3089 1194 3102 -
1232 3067 1382 3132 promoveri
1403 3073 1427 3120 et
1445 3069 1563 3132 generari
1585 3067 1676 3120 414721
1702 3069 1719 3120 l.
1738 3069 1752 3118 2
1910 3063 2037 3116 virtutum
2056 3063 2263 3128 theologicarum
2279 3063 2319 3116 ’111
2339 3063 2391 3116 215
2410 3063 2439 3116 2*
2459 3093 2492 3102 -
2511 3069 2549 3118 est

554 3161 624 3206 444444
643 3155 777 3206 caritatem
798 3153 864 3206 iacta
882 3165 934 3204 non
954 3151 1191 3204 4444444444444144-
1285 3153 1406 3206 -Aetio
1424 3153 1554 3204 meritoria
1574 3155 1689 3206 consistit
1701 3155 1727 3204 tn
1745 3153 1871 3218 operibns
1910 3151 2045 3216 quoddam
2075 3153 2230 3204 sacrificium
2258 3149 2292 3204 it.
2321 3165 2376 3216 arg.
2405 3153 2420 3204 2
2445 3179 2478 3190 -
2501 3153 2550 3218 Qui

551 3243 641 3294 liorem
652 3253 773 3306 poenam,
785 3239 871 3292 dando
884 3239 1002 3292 subiecto
1012 3241 1128 3306 aliquam
1142 3239 1192 3290 vir·
1232 3241 1371 3306 virtutum,
1391 3241 1522 3294 donorum
1541 3249 1565 3294 44
1585 3243 1806 3306 praeceptoruml
1829 3239 1869 3294 44
1910 3243 1966 3290 4444
1983 3239 2097 3304 aliquem
2115 3241 2205 3304 ipsum
2224 3241 2334 3294 honorat
2358 3239 2392 3292 Ν
2417 3239 2470 3294 350
2495 3243 2513 3294 l.
2534 3241 2543 3292 4

554 3333 634 3382 44444
654 3327 688 3382 ad
706 3327 887 3382 sustinendum
908 3325 970 3380 idid.
993 3341 1035 3394 sq.
1060 3353 1098 3366 ·-··
1121 3333 1192 3378 extra
1231 3355 1266 3366 -
1286 3327 1354 3380 bona
1372 3333 1432 3380 sunt
1451 3329 1569 3380 omnium
1589 3331 1716 3382 virtutum
1734 3329 1829 3382 441245
1844 3327 1871 3382 2*
1909 3353 1944 3366 -
1957 3333 1995 3378 444
2007 3327 2224 3396 44444441444144,
2238 3329 2281 3380 vel
2299 3327 2388 3380 duliae
2405 3325 2440 3382 to.
2459 3343 2515 3396 arg.
2534 3331 2550 3380 2

552 3421 684 3472 444144444
702 3419 768 3470 44444
788 3415 933 3480 impediunt
947 3411 1025 3480 blora
1044 3417 1112 3468 mala
1124 3429 1194 3466 eom·
1287 3445 1323 3456 -
1343 3417 1417 3482 opus
1435 3417 1536 3470 bonum
1555 3417 1688 3482 praecedit
1708 3417 1810 3472 babitus
1826 3415 1872 3470 bo·
1963 3445 1997 3454 -
2017 3421 2114 3482 spectat
2127 3417 2162 3470 ad
2174 3419 2301 3470 rationem
2315 3421 2341 3468 et
2352 3417 2388 3468 ad
2400 3417 2550 3480 allectumll

554 3507 684 3558 missionis
701 3511 729 3558 44
746 3505 894 3558 omissionis
913 3501 946 3558 ti.
967 3503 993 3556 b.
1013 3505 1064 3558 373
1083 3505 1111 3558 d.
1129 3505 1144 3554 8
1159 3531 1194 3542 -—
1233 3519 1282 3558 nus
1302 3505 1335 3560 Ν
1356 3503 1407 3558 428
1426 3519 1483 3570 arg.
1502 3507 1518 3558 3
1538 3531 1572 3544 -
1592 3507 1872 3558 virtuosumsivestu·
1910 3501 2334 3572 itot*-potestessequouam
2345 3507 2547 3574 moderationis,

553 3595 651 3648 144444
673 3595 747 3648 unalis
766 3607 817 3646 non
833 3591 1058 3646 trabentvalorem
1074 3591 1192 3656 suiiragii
1233 3593 1336 3646 diosum
1351 3601 1389 3646 est
1406 3594 1482 3660 plene
1500 3595 1657 3662 virtuosum,
1672 3597 1692 3648 si
1709 3595 1826 3660 procedit
1839 3595 1871 3648 414
1911 3593 2028 3660 quodam
2046 3593 2127 3648 modo
2147 3595 2319 3648 sensualitatis
2338 3595 2364 3646 411
2386 3593 2436 3648 375
2457 3609 2470 3648 4
2489 3609 2529 3662 sq.
2600 3645 2601 3648 ,

553 3685 601 3736 nisi
625 3685 725 3736 ratione
748 3681 861 3734 caritatis
884 3681 1038 3734 coniunctae
1062 3681 1089 3732 in
1114 3681 1194 3732 altero
1232 3681 1321 3736 nabitu
1342 3685 1444 3736 virtutis
1469 3685 1521 3736 iam
1550 3684 1695 3748 completo,
1715 3685 1870 3750 semiplene,
1962 3711 1997 3722 -
2029 3683 2173 3738 secundum
2198 3689 2293 3738 statum
2319 3685 2425 3736 viatoris
2453 3683 2480 3736 ut
2505 3699 2551 3750 per

554 3771 586 3824 Ν
609 3771 660 3824 345
680 3771 695 3824 b
789 3783 790 3786 ’
1232 3771 1253 3824 44
1274 3771 1387 3836 disponit
1406 3771 1439 3822 ad
1457 3771 1575 3824 habitum
1598 3773 1715 3840 virtutis,
1741 3773 1872 3838 44414444-
1911 3785 2007 3824 novam
2032 3773 2078 3826 Dei
2103 3773 2339 3828 considerationem
2362 3773 2490 3826 elevando
2515 3775 2552 3826 in-

605 3889 639 3900 ·-
657 3861 724 3912 44444
743 3863 766 3912 44
789 3863 857 3912 statu
881 3861 983 3924 peccati
1006 3859 1057 3910 non
1083 3861 1194 3922 possunt
1232 3861 1334 3914 cedite
1355 3859 1488 3912 voluntate
1513 3859 1682 3914 deliberativa
1713 3867 1871 3914 consonante
1910 3861 2040 3914 tellectum
2060 3861 2191 3928 gradatim
2211 3877 2226 3916 4
2249 3861 2457 3914 consideratione
2480 3875 2553 3916 crea-

554 3949 702 4016 recuperari
722 3947 755 4000 Ν
775 3947 825 4000 333
848 3945 876 3998 4*
892 3975 930 3984 -
947 3953 1051 4000 mortua
1063 3959 1116 3998 aon
1135 3959 1194 4012 pos·
1224 3949 1341 4008 naturali
1360 3949 1506 4002 rectitudini
1528 3949 1556 4000 141
1574 3947 1626 4002 724
1648 3947 1677 4002 5*
1911 3957 1983 4002 turae
1992 3951 2028 4002 ad
2039 3951 2275 4004 considerationem
2284 3949 2412 4004 creatoris
2422 3951 2450 4002 111
2462 3951 2513 4004 372
2524 3949 2552 4004 3*

551 4045 613 4092 4444
629 4037 756 4092 vivificari
775 4035 811 4088 Ν
830 4033 880 4088 tut
901 4035 930 4086 4*
957 4035 1008 4088 355
1029 4037 1046 4088 i.
1070 4035 1096 4102 4,
1115 4035 1140 4100 b,
1166 4033 1193 4088 3*
1285 4067 1318 4076 -
1339 4037 1409 4090 Deus
1426 4037 1542 4104 disponit
1553 4051 1602 4092 nos
1613 4039 1726 4104 salvare,
1746 4051 1872 4104 praesup·
1910 4063 1945 4076 ···
1964 4039 1988 4090 in
2009 4041 2093 4104 patria
2111 4039 2139 4092 lit
2158 4053 2206 4104 per
2228 4041 2379 4092 continuem
2403 4041 2552 4092 considera-

552 4125 603 4180 356
624 4123 651 4178 4*
671 4151 704 4164 -
725 4131 858 4176 mortuum
877 4123 1024 4176 secundum
1045 4131 1146 4189 partem
1165 4125 1194 4176 il·
1232 4127 1321 4192 positis
1346 4125 1422 4178 bonis
1445 4125 1572 4192 operibns
1596 4127 1689 4178 nostris
1716 4127 1741 4178 441
1769 4127 1819 4178 372
1845 4125 1873 4178 5*
1910 4127 2006 4178 donem
2022 4127 2264 4192 Del,asoendendo
2276 4141 2355 4190 supra
2369 4141 2397 4180 se
2411 4127 2443 4179 tv
2457 4127 2508 4180 348
2522 4125 2550 4182 2*

551 4215 678 4282 lam,qua
695 4219 837 4278 morarum,
854 4227 903 4266 nou
920 4213 1191 4278 potestderivivnm,
1231 4213 1870 4280 --bonedieuntnrirnctusproprientruendo,
1964 4239 1998 4252 -··
2018 4217 2130 4266 maxime
2150 4217 2206 4268 unit
2225 4215 2279 4268 lieo
2297 4215 2331 4268 Ν
2350 4215 2428 4266 3684
2444 4217 2550 4270 -iacit

552 4305 613 4370 quia
632 4317 693 4368 pers
712 4304 754 4356 illa
773 4307 862 4354 motus
881 4301 981 4354 transiit
998 4301 1032 4354 Ν
1052 4299 1139 4352 43014
1159 4329 1193 4338 -
1232 4305 1294 4368 quia
1312 4303 1347 4354 ad
1365 4303 1512 4356 truitiouem
1534 4303 1695 4368 perducunt,
1715 4301 1756 4354 vel
1775 4303 1872 4354 1444444
1911 4307 2043 4358 14444444
2063 4305 2170 4358 tendere
2188 4319 2293 4358 sursum
2313 4311 2340 4356 44
2357 4305 2442 4370 magis
2456 4305 2549 4370 placita

551 4399 685 4444 mortuum
713 4403 765 4444 non
795 4397 879 4454 potest
908 4389 963 4442 lieri
996 4389 1104 4456 vivum,
1130 4391 1193 4456 quia
1232 4391 1412 4454 metaphorice
1430 4391 1497 4444 sicut
1515 4391 1615 4442 tructus
1633 4391 1872 4444 natiexvoluntate
1911 4401 1965 4462 est,
1984 4407 2052 4460 quae
2071 4395 2157 4458 magis
2174 4395 2224 4446 lert
2240 4407 2347 4446 sursum
2368 4393 2403 4446 Ν
2425 4391 2476 4446 374
2497 4395 2549 4446 63

551 4483 642 4532 transit
669 4491 714 4530 nec
740 4481 826 4530 manet
845 4479 893 4530 nisi
913 4479 939 4530 in
957 4491 1005 4530 sua
1024 4477 1127 4544 radice,
1145 4491 1194 4530 nec
1232 4479 1265 4530 Ν
1294 4477 1344 4530 432
1368 4477 1396 4530 d.
1426 4477 1458 4530 44
1484 4507 1518 4516 -
1544 4479 1675 4530 444444444
1700 4479 1727 4530 44
1752 4483 1870 4544 tempore
1910 4509 1944 4520 -
1964 4485 2063 4548 spectat
2082 4481 2115 4536 ad
2135 4483 2322 4548 perlectionem
2345 4483 2413 4536 vitae
2435 4487 2553 4536 contem·

551 4567 782 4634 potestvivillcari
803 4565 908 4632 quoda
929 4565 1135 4620 radicavivente
1154 4581 1192 4620 or·
1233 4569 1330 4632 gratiae
1356 4570 1416 4620 sunt
1438 4581 1529 4620 semen
1553 4569 1699 4632 proiectum
1726 4569 1749 4620 in
1778 4575 1872 4622 terram
1912 4569 2381 4638 4144144441137444173694
2561 4567 2562 4570 ’

553 4643 686 4710 tnm'non
712 4655 836 4710 sumserit
862 4654 888 4706 114
916 4653 964 4708 499
992 4653 1020 4708 2*
1046 4683 1081 4694 -
1109 4655 1192 4708 Gratia
1232 4655 1327 4708 bonam
1349 4657 1367 4708 44
1385 4655 1438 4708 667
1458 4655 1476 4708 44
1493 4683 1530 4694 -
1548 4655 1649 4708 bonum
1676 4659 1716 4708 est
1737 4657 1871 4722 quoddam
1962 4689 1997 4698 -
2016 4659 2114 4714 relevat
2132 4659 2352 4728 destitutumper
2372 4659 2550 4714 infirmitatem

551 4761 633 4812 opere
650 4753 722 4800 entra
748 4745 880 4798 caritatem
906 4745 972 4798 iacta
992 4745 1119 4810 attingere
1142 4757 1193 4796 non
1232 4743 1388 4798 sacrificinm
1409 4745 1437 4796 lll
1457 4743 1509 4800 245
1529 4759 1586 4810 arg.
1607 4743 1872 4800 2-14444444414-
1912 4749 1944 4800 144
1964 4747 2016 4802 535
2036 4747 2052 4802 44
2070 4777 2106 4788 -
2123 4761 2205 4814 super
2224 4749 2310 4800 omnia
2330 4749 2421 4800 excitat
2435 4751 2550 4802 animam

551 4841 644 4902 potest,
664 4847 724 4888 cum
745 4833 896 4898 simpliciter
922 4833 1047 4886 cesserint
1068 4833 1095 4884 in
1119 4845 1194 4898 prae·
1233 4833 1310 4900 pides
1336 4833 1455 4898 pretiosi,
1485 4847 1533 4898 per
1555 4847 1622 4900 quos
1644 4841 1751 4886 ornatur
1770 4833 1872 4888 dilectio
1911 4835 1943 4890 ed
1961 4837 2126 4890 devotionem
2147 4841 2172 4890 et
2189 4839 2360 4890 elevationem
2381 4837 2415 4890 ad
2433 4839 2552 4902 spiritua·

549 4925 652 4978 teritum
673 4921 735 4978 itia.
1232 4923 1344 4988 proximi
1365 4921 1397 4972 Ν
1418 4921 1470 4974 553
1489 4921 1515 4974 d.
1536 4923 1551 4974 3
1910 4925 1941 4978 lia
1961 4923 2022 4980 trid

604 5041 637 5050 --
666 5013 727 5064 viva
751 5025 801 5076 per
823 5011 930 5076 culpam
954 5011 1142 5064 mortificantur
1165 5013 1189 5064 in
1286 5039 1319 5048 -
1339 4997 1454 5062 ln'omni
1474 5009 1546 5064 bono
1570 5025 1652 5076 opere
1677 5011 1808 5078 quaedam
1833 5013 1872 5064 lu·
1961 5043 1997 5054 -
2022 5017 2069 5068 Per
2095 5017 2238 5068 orationem
2265 5015 2417 5082 quaerimus
2441 5029 2550 5068 munera

553 5097 1055 5166 bomine,quiaineononsuntdigna
1073 5113 1194 5152 4444444-
1232 5099 1352 5152 conditas
1370 5101 1542 5152 conscientiae
1560 5105 1586 5152 et
1611 5102 1783 5168 tranquillitas
1805 5101 1872 5154 bene
1910 5103 1954 5154 Del
1973 5103 2007 5156 Ν
2027 5101 2078 5154 764
2099 5103 2124 5156 d.
2153 5103 2167 5154 6
2192 5133 2228 5144 -
2252 5103 2343 5154 Nullus
2365 5111 2421 5156 orat
2446 5117 2493 5168 pro
2519 5117 2550 5156 eo

551 5189 648 5242 ratione
668 5189 770 5242 114333
797 5191 813 5240 4.
833 5187 860 5254 4,
880 5187 946 5240 14-
969 5187 1188 5242 4444464444444
1231 5187 1349 5252 operanti
1368 5187 1519 5240 conceditur
1538 5187 1557 5240 11
1576 5187 1627 5240 843
1649 5187 1677 5242 2*
1696 5217 1732 5226 -
1749 5189 1833 5242 Homo
1847 5193 1870 5242 in
1910 5191 1981 5258 quod
2000 5191 2079 5244 babet
2098 5191 2130 5244 Ν
2150 5191 2201 5244 348
2222 5205 2278 5256 arg.
2303 5191 2328 5244 3.
2348 5191 2400 5244 352
2424 5189 2451 5244 d.
2474 5193 2490 5244 5
2516 5217 2550 5232 -··

551 5283 660 5342 pereunt
679 5275 710 5330 44.
732 5279 748 5330 l.
768 5277 778 5328 4
797 5303 831 5316 ··-
851 5289 911 5328 cum
927 5277 1123 5342 mortificantur,
1139 5289 1191 5328 non
1231 5277 1358 5342 operibus
1375 5277 1430 5328 suis
1448 5289 1500 5328 nou
1521 5281 1620 5328 tantum
1646 5277 1725 5330 debet
1748 5281 1871 5332 meritum
1910 5281 1936 5332 tit
1955 5287 2062 5344 propter
2081 5279 2249 5346 indigentiam
2271 5279 2551 5346 propriam,velalie·

551 5371 651 5418 cessant
676 5379 749 5430 esse,
777 5363 825 5418 sed
848 5370 1002 5430 reputantur
1027 5365 1134 5430 indigne
1154 5379 1192 5418 re·
1230 5367 1428 5432 4444444444,
1442 5365 1580 5418 sedetiam
1595 5369 1742 5432 protectum
1755 5369 1871 5432 proximi
1910 5379 1972 5418 nam
1991 5367 2019 5418 lll
2040 5367 2096 5418 374
2111 5365 2140 5418 l*
2159 5395 2194 5406 -
2213 5373 2250 5420 est
2276 5369 2419 5420 necessaria
2443 5367 2478 5420 ed
2501 5369 2550 5420 im-

551 5457 732 5508 muneratione
751 5457 854 5506 aeterna
881 5453 965 5506 solnm
995 5459 1104 5520 propter
1127 5453 1191 5506 indi·
1231 5453 1330 5508 141670
1351 5451 1380 5506 5*
1910 5455 2037 5520 patranda
2065 5469 2097 5508 ea
2127 5469 2196 5522 quae
2225 5457 2294 5508 Deus
2322 5455 2436 5520 disponit
2464 5457 2550 5510 iacere

552 5543 675 5606 gnitatcm
694 5543 825 5606 peccantis
845 5541 878 5592 Ν
897 5541 948 5594 576
968 5541 999 5592 2*
1281 5569 1317 5580 -
1336 5541 1468 5608 Operibus
1487 5541 1563 5596 bonis
1575 5541 1762 5596 intendendum
1784 5541 1816 5596 ad
1836 5545 1872 5596 vi·
1910 5545 2111 5610 praesupposita
2129 5545 2245 5598 oratione
2272 5545 2367 5598 144372
2393 5543 2421 5598 5*
2439 5573 2476 5586 ·-
2499 5559 2549 5612 pro

604 5631 716 5682 -14444
731 5629 854 5694 ingratia
869 5631 1192 5696 possuntvivlllcari‚non
1230 5631 1336 5682 undum
1355 5631 1437 5682 otium
1458 5631 1587 5684 11183214
1607 5629 1723 5684 -bona
1742 5631 1872 5695 114444444-
1909 5631 1991 5684 salute
2014 5631 2266 5696 praedestinatorum
2292 5639 2332 5686 est
2356 5634 2486 5686 fructuosa
2516 5633 2548 5688 Ν

549 5717 700 5782 ¹recuperari
719 5715 754 5770 Ν
772 5717 824 5768 333
845 5715 921 5766 3*-
934 5717 1002 5768 14444
1020 5721 1191 5782 pergratiam
1229 5721 1326 5772 tissime
1345 5721 1371 5770 in
1389 5717 1432 5770 die
1451 5719 1480 5770 141
1499 5719 1551 5770 538
1568 5717 1587 5770 b
1910 5719 1961 5772 350
1982 5717 2009 5772 2*
2027 5747 2062 5760 -
2081 5723 2235 5786 exprimitur
2253 5735 2301 5786 per
2324 5721 2433 5776 modum
2460 5723 2551 5788 depre-

551 5805 754 5872 subsequentem
764 5803 933 5856 vivificantur
946 5803 980 5856 Ν
995 5803 1047 5856 575
1060 5817 1083 5856 4.
1097 5805 1147 5856 576
1163 5805 1193 5856 2*
1283 5833 1316 5842 -
1335 5803 1403 5856 14444
1424 5811 1552 5872 quantum
1568 5811 1610 5858 est
1628 5805 1662 5856 de
1680 5819 1722 5868 se,
1742 5819 1794 5858 non
1811 5807 1869 5858 eite-
1910 5809 2025 5862 catinum
2045 5805 2076 5862 Ν
2096 5811 2149 5862 595
2168 5825 2181 5862 4

551 5923 585 5936 -
604 5893 671 5948 lacta
690 5895 715 5946 in
736 5893 839 5946 caritate
860 5895 969 5958 possunt
988 5893 1146 5944 reviviscere
1163 5893 1191 5946 lll
1229 5897 1299 5958 runt,
1325 5893 1373 5946 sed
1402 5895 1490 5956 potius
1520 5895 1658 5946 humiliant
1686 5897 1712 5946 41
1737 5895 1762 5944 44
1789 5895 1871 5958 gratia
1960 5924 1996 5936 —
2013 5901 2100 5952 omnis
2117 5899 2239 5964 dirigitur
2257 5899 2384 5952 adtotam
2397 5901 2548 5952 Trinitatem

552 5983 602 6036 499
623 5983 650 6036 2*
668 6009 703 6022 -
722 5981 900 6046 vivificantur,
923 5979 1080 6048 cum-digna
1106 5993 1191 6034 remu·
1229 5985 1334 6032 servant
1353 5981 1380 6032 441
1400 5981 1450 6032 883
1472 5979 1500 6032 3*
1517 6007 1554 6020 -
1571 5981 1698 6034 excellens
1725 5983 1869 6036 secundum
1908 6001 1937 6040 444
1956 5991 2138 6056 consequenti,
2158 5989 2216 6042 licet
2234 5987 2364 6054 quaedam
2384 5987 2418 6042 ad
2432 5987 2547 6052 Patrem,

445 6071 447 6078 ’
551 6075 683 6126 444444444
701 6071 765 6126 nunt
783 6071 818 6124 Ν
841 6069 892 6124 337
926 6067 960 6122 r.
988 6069 1081 6122 3391.
1108 6071 1188 6136 2,4,
1230 6081 1323 6122 vanam
1340 6069 1547 6120 aestimationem
1559 6069 1674 6124 excludit
1685 6071 1872 6140 bumilitatem,
1908 6075 2039 6144 quaedam
2058 6078 2093 6131 ad
2111 6077 2202 6146 Filium
2223 6077 2250 6130 444
2271 6075 2321 6128 372
2343 6075 2369 6128 4*
2394 6075 2549 6140 -Spiritus

551 6161 587 6214 3*.
606 6161 657 6216 340
679 6159 706 6214 4*
724 6189 759 6202 -
783 6161 938 6214 mortificata
956 6161 1113 6214 44444444
1137 6173 1193 6212 me·
1230 6147 1367 6210 non'vero
1388 6171 1458 6222 opus
1483 6159 1611 6210 excellens
1634 6161 1781 6214 secundum
1803 6165 1871 6216 veri·
1908 6171 2011 6218 sanctus
2040 6169 2078 6220 est
2107 6165 2247 6232 petendus,
2278 6177 2328 6216 non
2356 6163 2486 6216 orandum
2515 6163 2549 6216 ad

549 6253 632 6302 moria
651 6251 696 6302 Dei
715 6255 742 6302 et
760 6249 842 6314 ipsius
862 6249 991 6316 lactentis,
1011 6249 1191 6318 potiusquam
1229 6249 1416 6300 1414411328
1436 6245 1465 6300 4*
1907 6255 1993 6320 ipsum
2012 6255 2046 6308 Ν
2064 6253 2154 6306 94914
2588 6245 2590 6252 ’

548 6339 573 6390 44
592 6353 703 6404 corpore
722 6339 832 6404 mystico
851 6339 885 6390 Ν
903 6339 955 6390 339
977 6339 1002 6404 14,
1016 6335 1045 6390 2*
1064 6339 1190 6390 -14444
1283 6335 1660 6402 -44414441444444444414444
1682 6345 1870 6394 4444444444
1958 6371 1995 6386 -
2012 6347 2052 6396 est
2075 6347 2149 6396 actus
2173 6343 2332 6396 conveniens
2356 6353 2485 6406 personae
2510 6355 2550 6394 rn-

548 6427 728 6492 vivificantur,
750 6429 811 6492 quia
829 6429 955 6480 connexio
974 6433 1013 6480 est
1032 6429 1059 6480 in
1076 6425 1154 6480 bonis
1166 6433 1192 6480 et
1229 6427 1335 6492 aliquod
1355 6427 1455 6480 veniale
1474 6429 1611 6492 peccatum
1629 6439 1662 6478 ex
1680 6439 1769 6482 amore
1788 6436 1867 6482 terre·
1907 6435 2095 6486 tionenaturae
2108 6431 2197 6484 144372
2213 6429 2240 6484 2*
2253 6429 2316 6484 Vide
2333 6427 2547 6486 V.Gltrt'siutid.

549 6517 611 6592 quia
630 6521 736 6568 manent
755 6517 778 6566 iu
800 6515 896 6568 unitate
909 6519 1027 6580 corporis
1041 6517 1143 6580 mystici
1156 6517 1191 6568 Ν
1229 6517 1267 6568 nis
1287 6529 1387 6570 annexu
1406 6515 1441 6568 Ν
1460 6513 1511 6570 553
1532 6513 1557 6568 d.
1577 6513 1593 6564 2
1962 6519 2076 6572 -Deus
2090 6521 2174 6586 magis
2186 6523 2305 6582 acceptat
2318 6519 2463 6572 orationem
2477 6531 2551 6570 men·

548 6603 600 6656 576
621 6603 648 6656 2*
667 6603 1191 6658 -4444441444444444444401444444444444
1280 6631 1317 6644 -
1345 6605 1447 6658 servilia
1479 6605 1602 6658 dicuntur
1628 6605 1741 6660 maxime
1767 6615 1869 6660 terrena
1907 6607 2109 6662 4414417374
2132 6609 2195 6660 43.
2222 6607 2316 6662 37514
2341 6633 2375 6648 ·-·
2400 6607 2440 6660 nd
2466 6609 2548 6660 Deum

548 6695 690 6746 mutatione
707 6693 735 6744 in
755 6693 819 6756 ipsis
834 6691 871 6744 Ν
889 6693 942 6744 340
962 6691 992 6744 4*
1228 6695 1346 6758 negotia,
1375 6695 1400 6746 in
1431 6693 1529 6762 quibus
1553 6693 1639 6744 14444
1656 6693 1737 6748 4414444
1760 6699 1869 6750 terrenis
1907 6698 1999 6750 melius
2023 6703 2115 6750 oratur
2138 6699 2238 6762 gemitu
2264 6695 2353 6750 cordis
2375 6707 2458 6762 qnam
2481 6707 2548 6747 voce

599 6807 636 6820 -
662 6783 774 6834 hominis
801 6777 833 6832 ad
860 6781 994 6834 bominem
1019 6783 1087 6834 valet
1112 6781 1189 6834 etiem
1227 6783 1320 6842 lucris.
1340 6789 1366 6836 et
1378 6795 1467 6848 opera,
1484 6795 1553 6852 quae
1565 6785 1626 6834 sunt
1637 6789 1741 6846 praeter
1754 6799 1869 6838 necessa·
1905 6787 1959 6840 oris
1978 6787 2010 6838 Ν
2030 6785 2082 6840 595
2102 6799 2158 6852 arg.
2177 6785 2193 6838 4
2211 6813 2247 6828 -
2265 6799 2329 6838 vera
2353 6797 2405 6834 non
2430 6783 2549 6836 consistit

541 6875 696 6936 mortuum;
714 6883 783 6936 opus
803 6871 916 6922 bominis
935 6869 966 6922 ad
995 6869 1077 6922 Deum
1103 6873 1189 6936 potest
1227 6871 1701 6926 44411133214-444441444444444
1719 6879 1870 6942 repugnant
1905 6875 1930 6926 in
1949 6873 2040 6928 verbis
2057 6873 2093 6926 Ν
2111 6873 2163 6926 373
2183 6873 2199 6926 4.
2221 6875 2244 6926 4.
2264 6871 2316 6924 374
2336 6869 2364 6924 2*

1569 6985 1572 6988 .
1588 6981 1641 6988 ..-.,.-
