5784 8384
572 711 633 776 160
1332 717 1333 722 ’
1399 704 1514 771 INDEX
1536 705 1728 772 SECUNDUS

824 795 890 846 0113
911 793 967 860 (10)
1554 793 1610 858 (10)
2162 799 2226 848 filiu
2248 795 2302 864 (tl)

570 885 690 936 cstitlud
710 897 762 952 quc
782 883 852 934 Deus
870 883 984 934 animam
1004 887 1104 934 rcrrcat
1122 881 1139 932 ll
1159 881 1210 932 633
1247 881 1446 954 assimilativum
1465 881 1482 932 ll
1502 879 1553 932 633
1574 879 1886 934 6*-6616611ο66161
1922 883 1986 932 ritus
2016 889 2119 936 sauctus
2148 897 2199 936 nou
2219 883 2313 936 dicitur
2332 883 2449 936 babitare
2471 887 2497 936 in
2517 889 2561 936 lio·

570 969 897 1038 6166-1666666111
924 971 1023 1034 gratiae
1041 971 1126 1020 anima
1146 969 1212 1020 vivi·
1248 969 1299 1020 656
1321 965 1460 1022 6*-661
1483 969 1608 1034 qualitas
1627 971 1653 1020 in
1672 981 1723 1036 qua
1743 969 1830 1020 anima
1855 971 1887 1020 si·
1923 969 1992 1020 mine
2013 969 2128 1022 16701.
2149 971 2163 1022 3
2187 971 2352 1036 -Spiritus
2376 977 2479 1024 sauctus
2509 987 2560 1024 uon

571 1057 1212 1112 666166166336.6-06666661-’1616661
1247 1057 1353 1110 usitatur
1382 1057 1435 1108 Deo
1464 1059 1483 1110 ll
1512 1057 1562 1108 638
1589 1071 1612 1108 6.
1631 1057 1681 1110 633
1703 1071 1725 1110 6.
1746 1057 1797 1108 605
1817 1071 1831 1110 6
1849 1083 1887 1096 -
1922 1053 2019 1106 dicitur
2036 1055 2101 1122 dari,
2123 1059 2169 1110 nisi
2190 1071 2250 1110 cum
2270 1057 2347 1110 66161·
2360 1061 2442 1124 gratia
2456 1065 2560 1124 gratum

571 1153 597 1200 et
614 1149 741 1200 illuminat
760 1147 873 1198 animam
895 1147 942 1200 nisi
962 1161 1009 1212 per
1029 1147 1127 1198 donum
1155 1157 1212 1208 gra·
1247 1145 1307 1196 facit
1338 1145 1452 1196 animam
1481 1143 1638 1196 deiformem
1668 1145 1698 1196 111
1725 1143 1777 1196 687
1803 1145 1823 1198 6
1850 1173 1886 1184 -
1922 1143 2074 1194 facienslV
2093 1145 2179 1198 1581.
2205 1149 2229 1200 l,
2252 1145 2303 1200 367
2323 1143 2350 1196 6*
2370 1173 2404 1184 «-
2424 1149 2469 1200 Per
2489 1149 2559 1200 dona

570 1233 1212 1308 6661167565-661661661616666116661
1247 1233 1393 1284 6661616161
1410 1233 1526 1284 66116661
1547 1233 1599 1284 Deo
1620 1239 1648 1284 61
1665 1235 1722 1284 6166
1740 1233 1884 1286 similitudo
1923 1231 2430 1296 616116666616161661661161111166661
2450 1237 2560 1300 Spiritus

570 1325 684 1378 sanitatis
698 1325 840 1390 spiritualis
858 1323 876 1374 ll
897 1323 948 1374 676
969 1319 997 1374 6*
1017 1349 1049 1358 -
1069 1325 1107 1374 est
1121 1317 1210 1370 fuuda·
1247 1321 1349 1374 animae
1376 1323 1515 1374 inlraereus
1543 1321 1550 1370 l
1580 1321 1631 1372 856
1659 1319 1689 1372 3*
1707 1347 1741 1360 -·
1761 1321 1886 1374 assimilat
1920 1323 2025 1370 sanctus
2043 1319 2138 1374 dicitur
2155 1323 2307 1386 simpliciter
2326 1323 2444 1374 babitare
2461 1325 2487 1374 in
2507 1327 2560 1374 ani-

570 1405 1209 1476 166616166116666111166116165686*-16
1247 1409 1300 1460 Dea
1320 1413 1400 1462 totam
1419 1411 1533 1460 animam
1553 1409 1572 1460 ll
1592 1407 1644 1462 056
1661 1407 1680 1460 6
1698 1435 1735 1446 -
1757 1413 1803 1462 Per
1828 1425 1885 1474 gra·
1920 1419 1976 1468 ma,
2002 1419 2049 1470 per
2068 1407 2136 1460 duna
2154 1413 2254 1474 gratiae
2273 1413 2352 1474 gratis
2378 1411 2453 1464 datae
2482 1413 2559 1464 datur

571 1503 737 1568 generatione
766 1500 894 1566 spirituali
921 1497 1001 1550 lrabet
1030 1495 1209 1548 habitudinem
1247 1497 1308 1548 tiam
1331 1497 1416 1548 Sancti
1443 1497 1496 1548 Deo
1526 1499 1721 1548 conformantur
1739 1505 1764 1550 et
1782 1501 1834 1548 cari
1859 1503 1886 1550 et
1921 1491 1955 1544 66
1968 1491 2073 1560 aliquod
2091 1497 2215 1548 euntium
2234 1497 2276 1548 vel
2296 1497 2329 1550 ad
2348 1499 2462 1564 aliquem
2483 1513 2559 1552 usum

571 1605 665 1644 causae
692 1583 1211 1642 66166666611666661113563-
1247 1585 1344 1638 similes
1362 1587 1386 1636 ci
1406 1583 1569 1638 06611387
1588 1583 1613 1638 6.
1634 1587 1649 1636 6
1672 1583 1734 1638 Vide
1756 1587 1774 1638 V
1796 1585 1885 1638 6656
1922 1579 2001 1632 1670
2021 1581 2047 1632 6.
2061 1581 2106 1632 cil
2132 1581 2160 1634 3*
2185 1581 2247 1638 Vide
2264 1581 2291 1634 V.
2311 1585 2560 1654 Donum-pratiue.

569 1657 1211 1730 -116666616116616611666661616661611666
1301 1673 1662 1746 -66166116666616616,
1693 1681 1719 1726 ut
1748 1675 1826 1728 ducat
1850 1677 1885 1728 ad
1973 1675 2132 1734 *siclum
2151 1673 2248 1724 faciens
2267 1673 2561 1728 16011666166116666

571 1769 668 1832 gratiae
686 1767 825 1828 susceptae
843 1763 885 1812 vel
905 1761 1017 1812 natissae
1037 1761 1068 1812 lV
1088 1757 1140 1812 360
1159 1757 1187 1810 6*
1247 1763 1330 1814 Deum
1349 1761 1369 1814 ll
1390 1761 1441 1814 667
1460 1777 1474 1814 a
1493 1789 1529 1800 -
1548 1765 1694 1816 necessaria
1711 1761 1796 1816 estad
1809 1763 1884 1816 redu·
1922 1755 1950 1808 1*
1968 1785 2004 1796 -·-
2021 1759 2106 1812 elevat
2124 1761 2238 1812 unimam
2258 1759 2323 1812 ultra
2336 1766 2432 1812 statum
2452 1771 2559 1816 naturae

623 1849 916 1922 -666616166116661
936 1863 985 1914 per
1004 1847 1111 1900 mudum
1132 1847 1210 1900 infor·
1247 1851 1358 1902 cendum
1379 1851 1493 1902 unimam
1514 1851 1547 1902 66
1568 1851 1795 1903 0666116351.
1816 1851 1830 1902 3
1847 1878 1886 1890 -
1921 1847 2097 1900 consecrando
2117 1849 2244 1914 animam,
2265 1855 2293 1900 ut
2312 1851 2343 1900 sit
2358 1851 2484 1914 templum
2505 1851 2559 1916 061,

570 1937 1210 2002 16666616161*-661666616166616666-
1247 1935 1397 1988 immediate
1424 1935 1527 1988 reducit
1550 1935 1583 1988 ad
1613 1937 1696 1988 Deum
1716 1941 1743 1986 et
1761 1937 1884 1988 reformat
1920 1935 2099 2002 assimilando,
2124 1935 2559 2004 6166061066,6666666661

570 2029 708 2082 11611661
733 2025 956 2080 l*—rcformat
967 2027 1108 2090 imaginem
1122 2027 1209 2092 primo
1246 2024 1597 2078 66161661161615-
1625 2027 1650 2076 lu
1680 2025 1778 2088 gratiae
1806 2025 1884 2076 dona·
1921 2023 1953 2074 sit
1973 2023 2131 2088 1161666666
2155 2025 2175 2076 11
2194 2025 2245 2078 636
2264 2037 2279 2076 6
2298 2051 2333 2064 --
2353 2025 2442 2078 llerito
2460 2029 2559 2092 gratiae
2646 2063 2648 2068 -

571 2125 698 2186 quantum
717 2119 750 2170 66
770 2115 906 2180 potentias,
920 2119 1110 2180 cousequenter
1130 2127 1210 2180 quan·
1247 2115 1316 2164 tione
1334 2115 1418 2165 noima
1439 2127 1563 2178 perversa
1583 2127 1596 2164 a
1617 2113 1785 2176 perversitate
1804 2117 1884 2164 muta·
1921 2109 1991 2160 neus
2009 2113 2121 2164 traducit
2136 2115 2250 2164 animam
2263 2115 2289 2164 in
2303 2127 2427 2178 sponsam
2446 2117 2463 2166 ll
2480 2117 2490 2166 6
2498 2115 2559 2168 556

571 2201 1207 2266 161666666616611616116666*-661666,
1247 2207 1287 2252 tur
1313 2207 1337 2252 et
1365 2199 1398 2252 ad
1426 2201 1510 2252 Deum
1537 2201 1689 2252 immediate
1715 2201 1850 2254 ordinatur
1876 2203 1883 2254 l
1918 2223 1959 2272 -Ι
1973 2197 2032 2250 16611
2052 2201 2247 2252 matrimonium
2270 2201 2336 2254 inter
2360 2203 2559 2256 6661661661Ι

570 2311 638 2364 quae
656 2297 780 2348 reformat
797 2295 911 2344 animam
932 2297 957 2342 et
974 2293 1032 2344 eius
1049 2291 1177 2356 potentias
1190 2291 1207 2342 ll
1247 2291 1297 2342 656
1318 2289 1345 2340 6*
1366 2293 1473 2340 -eius
1493 2289 1598 2342 effectus
1628 2295 1665 2340 cst
1693 2289 1821 2342 ordinatio
1847 2305 1884 2342 re·
1921 2287 2559 2346 6616670316-16666116661661101166

570 2385 834 2436 fila-reformat
848 2383 962 2434 animam
977 2387 1031 2434 tum
1043 2377 1208 2430 venustando
1247 2393 1305 2431 rum
1334 2379 1368 2430 ad
1396 2379 1480 2430 Deum
1509 2391 1557 2442 per
1583 2377 1693 2430 modom
1718 2379 1851 2432 redeuntis
1877 2381 1884 2430 1
1921 2373 2108 2438 adoptivoslll
2128 2375 2214 2428 6371.
2235 2379 2439 2430 3-6666666
2459 2381 2559 2444 gratiae

569 2475 662 2526 faciem
692 2475 775 2536 ipsius
806 2471 922 2534 animae,
956 2473 1011 2520 tom
1040 2467 1207 2520 rectificando
1247 2467 1334 2520 6le
1791 2469 1792 2472 ’
1922 2465 2001 2516 bunio
2018 2463 2171 2516 transfertur
2190 2463 2223 2516 de
2247 2469 2371 2528 potestate
2390 2469 2558 2520 tenebrarum

570 2559 713 2628 quamlibet
733 2559 874 2626 potentiam
902 2561 1023 2622 respectu
1051 2557 1208 2620 operationis
1298 2583 1333 2594 —-
1352 2563 1391 2608 est
1409 2557 1434 2606 in
1454 2557 1541 2608 anima
1570 2555 1714 2608 secundum
1735 2559 1884 2608 conversio·
1922 2553 1953 2604 ad
1973 2553 2148 2616 regnumDef
2170 2553 2249 2604 166

569 2649 744 2704 6666111801
770 2645 798 2698 6*
817 2673 852 2686 -
872 2651 910 2698 661
926 2647 1029 2696 animae
1041 2643 1206 2696 rectificativa
1247 2659 1305 2696 nem
1325 2645 1434 2696 eiusad
1453 2645 1537 2696 Deum
1567 2645 1584 2696 ll
1613 2643 1664 2694 ute
1693 2647 1709 2696 f.
1730 2647 1745 2696 6
1763 2673 1800 2684 -
1819 2647 1884 2696 inest
1956 2643 1986 2694 ll
2009 2651 2101 2696 —est
2120 2647 2281 2710 principium
2300 2643 2522 2698 maiusiuauima
2540 2649 2556 2698 ll

569 2739 596 2792 lll
616 2739 668 2790 763
689 2753 702 2790 6
722 2739 805 2788 -ut
824 2733 952 2788 rectitudo
965 2733 1154 2798 superveniens
1166 2745 1208 2784 na·
1247 2735 1347 2786 animae
1367 2747 1380 2784 6
1400 2733 1454 2784 066
1467 2735 1530 2784 6116
1545 2735 1741 2796 comparatione
1754 2733 1786 2784 ad
1802 2733 1884 2784 Deum
1922 2729 1972 2784 665
1992 2733 2008 2782 1.
2027 2733 2045 2784 5
2063 2759 2098 2770 -
2116 2743 2235 2798 respectu
2255 2733 2343 2796 operis
2369 2735 2493 2786 rucrilorii
2518 2743 2557 2788 est

569 2835 640 2880 turae
671 2823 854 2880 rectitudinem
886 2824 1106 2892 qualemcumque
1135 2823 1208 2886 prius
1247 2823 1335 2874 11660
1355 2821 1438 2874 3*-
1460 2827 1500 2874 est
1526 2821 1632 2874 babitus
1659 2823 1767 2888 quidam
1798 2827 1822 2874 et
1846 2823 1884 2874 in·
1922 2821 2070 2884 principalis
2090 2823 2184 2875 matrix
2206 2819 2277 2874 tub
2305 2821 2475 2886 -disponit
2498 2823 2557 2874 libe·

569 2919 717 2970 existentem
745 2917 769 2966 16
799 2913 886 2964 anima
913 2913 1097 2976 6666666161
1118 2909 1207 2962 condr-
1247 2909 1883 2978 0666116,611661666166166666606661666-
1922 2921 1980 2958 rum
1999 2907 2135 2960 arbitrium
2155 2909 2186 2962 66
2213 2913 2316 2962 ructum
2337 2917 2364 2962 ut
2383 2909 2488 2974 pondus
2507 2913 2558 2976 spi·

569 3013 622 3058 mat
640 3003 801 3058 ibid-est
814 2999 942 3054 rectitudo
960 3003 1063 3052 animae
1079 3003 1207 3066 quantum
1245 3015 1337 3054 uersae
1368 2999 1385 3050 ll
1411 2999 1461 3052 663
1492 2999 1621 3052 6-661
1647 3001 1673 3050 16
1700 3003 1802 3072 anima,
1822 3015 1882 3054 curn
1921 2997 2011 3050 rituale
2029 2995 2094 3052 ibid.
2117 3027 2151 3036 -
2175 3003 2263 3052 moret
2289 2997 2400 3050 liberum
2420 2997 2556 3052 arbitrium

568 3087 1065 3150 661661111661616111661666111556
1132 3155 1134 3160 Δ
1246 3087 1322 3140 66661
1340 3089 1434 3140 faciem
1452 3101 1528 3140 suam
1548 3091 1604 3140 sive
1632 3097 1745 3142 mentem
1773 3103 1883 3142 666666·
1920 3087 2133 3152 sicutquaedam
2154 3087 2285 3142 influentia
2304 3087 2555 3154 procedeusaDe0‚

620 3207 654 3220 -
674 3195 724 3232 non
746 3177 822 3230 babet
842 3177 967 3228 rationem
989 3175 1140 3238 uredicinac,
1160 3173 1206 3226 sed
1245 3189 1302 3228 sam
1329 3175 1364 3226 ad
1392 3177 1475 3228 licum
1501 3177 1518 3226 ll
1545 3175 1596 3228 660
1625 3177 1641 3226 1.
1671 3177 1694 3228 6.
1724 3177 1770 3228 cll
1802 3175 1829 3228 6*
1848 3205 1883 3218 ·-
1921 3189 2031 3228 morans
2055 3181 2084 3226 ut
2112 3177 2313 3230 instrumentum
2333 3177 2431 3228 ratione
2450 3177 2556 3228 coniun-

568 3271 669 3322 rirtutis
689 3267 812 3320 naturalis
830 3265 863 3314 16
884 3261 935 3316 568
949 3261 978 3312 3*
990 3291 1025 3300 -
1037 3267 1077 3314 661
1089 3261 1205 3326 regimen
1246 3263 1336 3314 Anima
1358 3267 1395 3314 est
1414 3261 1562 3314 subiectum
1586 3265 1686 3328 gratiae
1710 3277 1757 3328 per
1776 3279 1882 3316 conseer·
1920 3263 2009 3316 6116616
2028 3277 2090 3314 curn
2110 3263 2258 3316 06611666
2273 3279 2295 3330 6,
2315 3263 2354 3326 3*,
2372 3263 2402 3314 6*
2420 3293 2455 3302 -
2474 3269 2557 3330 potest

568 3357 683 3410 sanitatis
701 3351 842 3420 spiritualis
855 3351 1016 3406 ibid-est
1028 3351 1125 3402 sanitas
1137 3363 1206 3402 urcu-
1245 3353 1346 3404 sionem
1366 3351 1405 3402 sui
1434 3351 1467 3402 acl
1496 3351 1580 3404 Deum
1610 3351 1627 3402 ll
1657 3351 1707 3404 856
1730 3351 1758 3404 5*
1776 3379 1812 3390 -
1830 3367 1881 3404 666
1920 3363 2000 3414 super
2018 3351 2129 3404 liberum
2150 3351 2287 3404 arbitrium
2306 3353 2313 3402 l
2334 3351 2379 3404 656
2399 3351 2556 3406 fal-nou

567 3449 598 3498 tis
617 3453 642 3498 et
661 3439 1031 3498 6616616116666616116686.
1052 3441 1116 3490 6-
1133 3443 1206 3488 66661
1244 3441 1348 3504 respicit
1367 3447 1501 3506 naturam,
1520 3439 1666 3494 secuudum
1692 3441 1763 3506 quud
1792 3447 1881 3492 natura
1920 3441 2003 3492 solum
2030 3445 2154 3504 operatur
2176 3443 2274 3494 ratione
2299 3441 2426 3506 subiecti,
2453 3443 2478 3492 16
2504 3457 2556 3510 quo

568 3531 844 3586 661666636711
1244 3527 1880 3594 661,6661666166666666166666660666
1919 3533 1975 3594 est,
2002 3527 2050 3582 sed
2076 3531 2154 3582 etiam
2180 3531 2279 3582 ratione
2297 3531 2367 3594 eius,
2387 3543 2403 3580 a
2423 3543 2476 3596 quo
2504 3539 2554 3596 661,

621 3649 656 3660 -
670 3627 707 3672 est
717 3617 825 3686 quidam
837 3619 904 3670 nitor
914 3617 1016 3668 animae
1026 3615 1060 3666 ad
1070 3615 1205 3666 66661666·
1244 3629 1371 3670 conversa
1390 3623 1430 3670 est
1448 3619 1467 3668 ll
1483 3615 1532 3668 656
1553 3615 1580 3668 6*
1601 3645 1634 3654 -
1653 3617 1820 3682 superaddita
1841 3631 1881 3668 na·
1919 3621 1943 3666 et
1956 3629 2007 3668 non
2022 3617 2107 3668 sulum
2121 3629 2181 3670 cum
2195 3615 2407 3682 liberoarbitrio,
2420 3621 2467 3672 sed
2480 3621 2555 3672 etiam

567 3711 631 3764 dum
650 3721 768 3762 amorem
790 3709 804 3756 ll
830 3705 881 3758 568
902 3705 927 3756 6.
953 3707 967 3756 6
989 3733 1022 3742 -·
1041 3707 1079 3756 661
1098 3705 1205 3770 quidam
1244 3705 1748 3758 16666666666111661616166606616
1772 3707 1882 3770 perfra-
1919 3705 1942 3756 16
1969 3705 2080 3756 liberum
2108 3705 2244 3756 arbitrium
2264 3707 2283 3756 ll
2308 3703 2359 3756 665
2379 3721 2394 3758 6
2414 3735 2448 3744 -
2474 3713 2557 3772 601661

568 3799 671 3852 liabitas
695 3801 810 3850 animam
838 3795 967 3846 decorans
992 3793 1009 3844 ll
1029 3791 1080 3844 637
1101 3795 1117 3844 1.
1136 3793 1151 3844 6
1172 3819 1206 3832 -·
1244 3793 1313 3868 bitus
1331 3795 1456 3846 uirtutum
1478 3795 1495 3846 ll
1515 3793 1563 3846 66
1919 3807 2026 3846 movere
2045 3793 2115 3860 illud,
2135 3797 2161 3846 16
2180 3807 2234 3860 666
2252 3799 2303 3858 661,
2323 3801 2349 3846 61
2366 3809 2445 3860 supra
2465 3811 2493 3848 se
2506 3799 2556 3850 ele·

566 3891 684 3940 removet
711 3881 1206 3936 1616616161666161161161616616616
1260 3905 1261 3908 ¹
1297 3909 1332 3922 -
1351 3887 1389 3936 est
1407 3883 1543 3948 dispositio
1560 3879 1653 3936 uuicos
1680 3885 1794 3936 aninram
1820 3897 1879 3936 curn
1918 3885 2092 3936 veteratione
2105 3883 2550 3950 riuus,aquopmceantlcsuu.l

566 3977 669 4040 animae
696 3981 722 4026 et
753 3973 863 4024 restituit
891 3969 1012 4032 decorem
1033 3971 1155 4034 imaginis
1173 3969 1205 4020 16
1244 3971 1299 4024 066
1317 3971 1335 4022 11
1356 3971 1406 4022 633
1426 3987 1482 4036 arg.
1501 3971 1527 4022 7.
1546 3971 1579 4024 16
1599 3971 1649 4023 613
1670 3971 1686 4022 1.
1706 3973 1722 4022 3
1740 3973 1881 4024 -116166-
1971 3973 2124 4024 -Gratiae
2144 3977 2181 4024 est
2206 3975 2320 4024 animam
2345 3987 2424 4038 supra
2450 3987 2478 4026 se
2503 3971 2555 4026 ele·

566 4063 618 4116 567
638 4057 1032 4124 1*-6661166161116616616
1052 4071 1132 4122 supra
1152 4059 1206 4108 ani·
1244 4059 1312 4114 diate
1333 4063 1386 4112 unit
1418 4059 1569 4112 0661656
1599 4061 1616 4110 f.
1642 4059 1880 4112 60-6611066
1917 4059 2555 4124 666611636666.60-06611666661161166-

566 4165 651 4218 mam,
674 4167 724 4218 qua
746 4149 872 4212 fidigna
902 4161 993 4200 anrcre
1014 4145 1104 4198 11635
1124 4143 1206 4196 5*-
1244 4149 1467 4201 666616661166
1493 4155 1609 4212 6166166,
1635 4147 1682 4200 666
1702 4155 1731 4200 61
1748 4149 1881 4200 influentia
1917 4149 1949 4200 116
1968 4155 2040 4200 actus
2066 4153 2106 4200 est
2133 4161 2238 4200 sursum
2269 4149 2378 4212 ducere,
2403 4151 2469 4202 sicut
2497 4153 2553 4202 eius

566 4239 704 4292 desursum
725 4239 834 4290 ueniens
855 4241 974 4288 naturam
994 4241 1144 4298 conservat,
1165 4235 1206 4286 de·
1243 4237 1387 4290 secuudum
1409 4237 1524 4290 <lirinum
1544 4239 1718 4302 praesentiam
1746 4237 1752 4286 l
1779 4233 1881 4298 6358*
1916 4239 1990 4302 origo
2018 4241 2056 4290 est
2084 4237 2223 4290 desursum
2253 4237 2412 4290 descendere
2431 4239 2449 4290 ll
2469 4239 2520 4290 638
2539 4255 2552 4290 6

565 4335 650 4392 66661,
671 4329 836 4380 consummat
855 4325 873 4378 ll
893 4325 944 4376 633
964 4339 978 4376 a
996 4351 1032 4362 -
1051 4323 1136 4376 reddit
1155 4323 1205 4374 ani·
1242 4353 1278 4364 -
1298 4327 1353 4376 imit
1370 4339 1430 4378 cum
1451 4327 1503 4378 Deo
1517 4329 1644 4392 quantum
1658 4325 1691 4376 66
1705 4327 1879 4390 cognitionem
1915 4353 1951 4362 —
1974 4329 2013 4378 est
2034 4323 2169 4392 quoddam
2198 4325 2332 4392 spirituale
2358 4325 2477 4392 pondus,
2507 4343 2553 4392 per

565 4431 635 4468 inam
656 4413 1204 4480 [6616666161661661666616116666666]
1242 4419 1268 4466 61
1286 4427 1418 4478 amorem,
1436 4427 1489 4466 non
1507 4413 1880 4480 quantumadesscprimum
1917 4413 1987 4478 quod
2007 4415 2552 4470 66166666616666661666616115656

564 4505 582 4556 ll
603 4505 653 4558 868
673 4505 689 4556 1.
710 4503 725 4554 6
1243 4503 1261 4556 11
1276 4503 1326 4554 636
1340 4501 1376 4554 7*.
1391 4503 1418 4556 lll
1433 4502 1479 4554 161
1497 4501 1574 4554 6*-
1588 4517 1638 4554 666
1652 4503 1774 4556 6611066
1787 4507 1881 4556 661666
1916 4529 1953 4542 -·
1970 4503 2127 4556 Beneficium
2148 4507 2244 4570 gratiae
2264 4503 2347 4554 elevat
2365 4507 2507 4568 potentiam
2521 4507 2553 4558 ad

619 4621 654 4630 --
668 4601 771 4656 gratum
791 4591 887 4642 faciens
906 4589 940 4642 ab
954 4591 1116 4642 sanctitatem
1134 4587 1205 4640 nullu
1242 4593 1365 4654 naturali,
1385 4591 1432 4644 scd
1451 4591 1596 4644 voluntaria
1614 4593 1644 4644 lll
1664 4593 1714 4654 363
1734 4591 1764 4644 3*
1781 4621 1814 4632 -
1827 4595 1882 4644 uuit
1917 4607 1963 4658 ea,
1984 4592 2017 4644 ad
2037 4605 2104 4658 quae
2123 4601 2179 4644 erat
2197 4599 2222 4644 et
2240 4605 2288 4656 per
2306 4605 2334 4644 se
2357 4593 2483 4658 attingere
2503 4609 2553 4648 uon

565 4681 645 4734 61666
666 4687 750 4746 661661
774 4679 919 4746 inquinari,
938 4677 973 4732 ob
998 4677 1205 4730 conformitatem
1242 4681 1296 4732 Deo
1310 4695 1358 4744 per
1370 4681 1577 4734 conformitatem
1597 4681 1880 4734 66166161161111666.
1919 4685 2020 4746 6616161
2037 4681 2054 4732 11
2071 4681 2120 4734 188
2135 4679 2163 4734 3*
2179 4711 2211 4720 -
2225 4683 2309 4734 eleuat
2322 4683 2463 4746 potentiam
2475 4697 2554 4748 supra

566 4769 694 4822 6616066
710 4767 780 4820 nullo
799 4753 1204 4832 16666661661616611611166661,
1243 4769 1293 4820 663
1326 4767 1362 4818 3*.
1392 4769 1441 4818 388
1472 4767 1500 4820 3*
1531 4797 1565 4806 -
1596 4769 1716 4822 hauritur
1741 4783 1789 4834 pur
1822 4769 1881 4822 afle-
1917 4783 1946 4822 se
1966 4769 1998 4820 66
2018 4771 2243 4834 666661666116116
2265 4769 2281 4818 11
2300 4767 2555 4842 6651.3.1117636

565 4857 774 4910 obueuustatem
789 4855 859 4908 nullo
872 4853 952 4906 modo
967 4859 1050 4920 potest
1064 4853 1204 4906 deformari
1242 4865 1313 4910 6166.
1343 4857 1439 4908 amoris
1468 4857 1548 4908 divini
1573 4855 1707 4910 'unientem
1726 4859 1881 4912 caelestibus
1970 4863 2107 4922 -potest
2128 4859 2270 4924 potentiam
2294 4857 2430 4910 nobilitare
2455 4861 2553 4912 ratione

566 4947 585 4998 ll
606 4947 657 4998 635
676 4959 690 4996 6
711 4973 744 4980 -
764 4947 802 4994 661
821 4941 931 5010 qualitas
956 4941 1109 5008 spiritualis,
1137 4957 1206 5010 quae
1245 4943 1392 4998 1118061*
1916 4947 1980 5012 6166,
2000 4961 2015 4998 6
2034 4947 2181 5012 66666111
2210 4947 2262 4998 530
2282 4945 2306 4998 d.
2330 4948 2337 4997 l
2361 4947 2550 5000 -66116666

554 5049 616 5088 nou
645 5033 750 5086 ridetur
769 5033 881 5084 exterius
902 5031 935 5084 16
955 5029 1023 5082 6063
1048 5045 1105 5096 arg.
1136 5033 1206 5082 6-
1295 5033 1495 5086 -estdirina
1514 5037 1880 5102 influentia‚perquamaoi·
1915 5041 1973 5088 ente
1992 5037 2221 5100 primosupremo
2242 5035 2466 5100 periulloentium
2498 5051 2554 5100 per-

564 5129 604 5176 661
622 5123 705 5174 16666
725 5121 835 5186 simplex
848 5123 873 5172 el
893 5121 1026 5172 deiformis
1044 5127 1069 5172 et
1088 5121 1206 5186 spiritua·
1239 5139 1285 5176 ma
1304 5123 1383 5176 66661
1397 5123 1493 5188 ileum,
1507 5125 1620 5178 et-Deos
1640 5123 1736 5178 6661161
1755 5127 1780 5176 16
1793 5127 1878 5178 66666
1915 5123 2008 5176 lectam
2027 5129 2052 5174 et
2071 5123 2130 5176 ideo
2149 5127 2263 5176 aniinam
2286 5121 2401 5176 nobilitat
2419 5125 2553 5188 iungendo

565 5211 596 5262 lis
614 5211 622 5262 l
643 5211 693 5262 656
714 5211 730 5262 l.
749 5209 1204 5274 3-661666116611661666661166
1241 5213 1260 5262 ll
1280 5211 1332 5262 660
1351 5225 1415 5262 6-
1427 5213 1475 5264 666
1487 5213 1597 5276 gratiam
1612 5213 1692 5266 lrcmc
1703 5213 1783 5266 66661
1796 5215 1879 5268 Derim
1916 5227 1973 5264 eam
1993 5221 2019 5266 et
2037 5211 2225 5264 conformando
2249 5213 2272 5262 ei
2286 5211 2361 5280 quod
2383 5217 2421 5264 661
2441 5215 2496 5276 1666
2515 5229 2553 5266 66-

565 5297 626 5352 ibid.
1241 5303 1268 5352 in
1287 5301 1386 5352 ratione
1404 5301 1532 5354 tendentis
1554 5301 1700 5354 secundom
1719 5307 1805 5354 actum
1826 5317 1881 5354 me·
1916 5303 2017 5368 pertus,
2037 5307 2062 5352 et
2086 5301 2198 5352 candem
2222 5307 2388 5352 consummat
2414 5309 2441 5352 61
2457 5303 2556 5365 quietat

617 5389 696 5438 -in
725 5401 753 5440 se
784 5385 946 5440 considerata
975 5385 1070 5438 dicitur
1097 5383 1159 5454 lux,
1178 5387 1204 5438 iu
1241 5389 1316 5442 rendi
1342 5387 1403 5442 ibid.
1422 5417 1458 5426 *-
1476 5397 1515 5442 est
1533 5403 1609 5442 causa
1631 5391 1773 5454 disponens
1790 5397 1816 5442 et
1835 5391 1890 5450 ad-¹
1915 5403 1967 5442 ooo
1987 5391 2073 5442 solum
2099 5391 2200 5440 ratione
2224 5391 2278 5452 stri,
2298 5387 2344 5440 sed
2364 5391 2463 5442 ratione
2481 5403 2553 5442 sum·
2597 5375 2598 5380 ¹

564 5477 759 5542 comparatione
778 5473 811 5526 ad
831 5475 885 5526 rim
904 5475 1062 5538 cognitivum
1083 5475 1206 5540 61661116-
1241 5481 1336 5530 iuvoos
1353 5477 1388 5530 66
1402 5475 1615 5532 inhabitationem
1636 5481 1680 5530 liei
1701 5481 1725 5532 16
1745 5481 1831 5532 661666
1850 5481 1878 5532 lll
1916 5477 2045 5540 6116661,
2068 5493 2081 5528 a
2100 5491 2154 5544 quo
2172 5475 2290 5542 procedit
2309 5477 2328 5528 ll
2347 5477 2398 5528 638
2419 5477 2438 5530 6
2456 5505 2492 5516 -
2504 5481 2556 5530 ani-

567 5565 601 5616 66
620 5565 723 5616 animae
741 5563 777 5616 tv
795 5561 847 5614 636
866 5561 893 5614 6.
908 5561 923 5612 6
937 5589 971 5598 -
984 5569 1012 5614 ut
1031 5563 1206 5614 166-666166·
1241 5565 1275 5618 53
1295 5565 1326 5616 3*
1344 5593 1379 5604 -
1399 5565 1467 5618 0666
1489 5565 1584 5618 dicitur
1602 5567 1747 5620 1666611616
1761 5583 1808 5634 per
1821 5583 1880 5634 gra·
1916 5579 1985 5616 mam
2006 5565 2102 5632 quietat
2122 5567 2220 5618 ratione
2233 5565 2289 5618 eius
2310 5567 2349 5616 cui
2366 5565 2515 5620 immediate
2528 5573 2554 5622 et

563 5649 909 5716 tumrespicilintellectum‚
923 5649 970 5702 sed
982 5651 1059 5702 etiam
1074 5651 1203 5714 affectum,
1241 5655 1302 5706 liam
1323 5661 1425 5718 gratum
1446 5655 1583 5706 facientem
1602 5655 1619 5704 ll
1640 5653 1692 5706 666
1710 5655 1726 5708 f.
1748 5657 1762 5708 3
1781 5685 1818 5696 -
1830 5659 1878 5708 666
1915 5651 2122 5718 inseparabiliter
2133 5655 2265 5720 coniungit
2278 5655 2308 5708 lll
2321 5655 2367 5706 681
2385 5655 2451 5706 6-
2464 5671 2554 5722 quam·

563 5739 606 5790 rel
635 5745 717 5790 totam
743 5739 858 5790 animam
879 5733 912 5788 16.
932 5737 993 5790 ds
1015 5743 1105 5788 -est
1125 5751 1205 5802 quae·
1241 5741 1352 5806 gratiam
1371 5741 1441 5792 Deus
1460 5739 1554 5794 dicitur
1574 5741 1689 5796 babitare
1702 5745 1727 5796 16
1740 5747 1878 5808 66166616
1914 5745 1956 5796 vis
1974 5745 2126 5796 sitrauitas
2144 5745 2169 5794 16
2190 5733 2554 5810 quantumcr·eatura‚liabel

565 5827 626 5880 darn
645 5827 779 5878 influentia
797 5823 946 5888 procedens
971 5839 983 5874 6
1004 5823 1062 5874 1666
1082 5837 1203 5890 superna,
1241 5829 1457 5896 quantumficus
1475 5831 1575 5882 homini
1593 5833 1791 5898 condescendit,
1817 5841 1878 5886 eum
1916 5835 2001 5886 lamen
2021 5835 2136 5884 animam
2153 5831 2268 5886 stabilire
2287 5833 2386 5884 ratione
2405 5835 2461 5886 eius
2475 5833 2551 5898 boni,

564 5929 632 5982 quae
646 5929 750 5980 semper
764 5913 843 5964 66661
859 5913 1069 5964 coniunctionem
1083 5925 1143 5964 cuna
1156 5925 1203 5964 sua
1240 5923 1358 5982 acceptat
1377 5925 1401 5970 61
1419 5917 1469 5970 6161
1489 5919 1655 5974 confoederat
1674 5921 1693 5994 ll
1712 5921 1764 5972 660
1782 5935 1797 5972 a
1817 5937 1855 5988 sq.
1915 5937 1930 5974 a
1949 5937 2002 5988 666
2021 5921 2137 5986 procedit
2156 5929 2207 5974 eta
2222 5933 2275 5988 quo
2289 5933 2339 5972 nun
2354 5927 2492 5986 separatur
2504 5937 2553 5974 uec

564 6007 665 6070 origiue
683 6005 703 6054 ll
722 6001 774 6056 666
793 6015 808 6054 6
828 6029 862 6038 -
882 6005 921 6054 661
944 6003 1032 6054 lumen
1054 6001 1203 6066 spirituale,
1292 6033 1330 6044 -
1348 6005 1395 6058 666
1412 6009 1524 6072 gretiam
1542 6009 1795 6074 gratumfacientem
1810 6011 1879 6064 Deos
1914 6009 2012 6064 recedit
2033 6009 2096 6064 ibid.
2115 6037 2150 6048 -·
2168 6011 2269 6062 Gratiae
2294 6015 2332 6062 est
2361 6011 2474 6062 animant
2503 6015 2554 6064 sta-

565 6093 767 6162 quodnonest
790 6093 823 6144 16
845 6091 930 6144 anima
960 6105 1008 6156 per
1032 6089 1203 6156 delationem,
1240 6099 1279 6146 est
1298 6095 1323 6144 16
1344 6095 1451 6148 6616166
1477 6097 1626 6150 secundum
1649 6111 1749 6168 nouum
1769 6099 1878 6152 modurn
1914 6087 2031 6152 billrciu
2052 6099 2122 6150 banc
2149 6099 2168 6150 ll
2189 6097 2409 6162 6366663-
2428 6099 2553 6152 illuminat

564 6183 610 6236 sed
631 6195 678 6248 per
698 6183 821 6246 illapsum
845 6181 947 6246 agentis
974 6185 999 6232 et
1022 6177 1203 6232 omnimodam
1239 6183 1357 6246 essendi,
1378 6183 1422 6248 qui
1442 6183 1515 6236 addit
1532 6199 1612 6250 super
1636 6189 1720 6240 inesse
1740 6201 1787 6252 per
1808 6195 1878 6240 natu·
1915 6189 2028 6240 animam
2049 6189 2067 6240 ll
2087 6187 2139 6240 633
2157 6201 2214 6252 arg.
2235 6187 2554 6250 5-66616161616611·

563 6271 739 6324 indistantiam
759 6269 768 6320 i
788 6269 840 6322 656
860 6267 1107 6322 6*-661161666
1130 6267 1203 6334 spiri·
1239 6269 1879 6328 66616711.1161131-666666666
1916 6283 1955 6328 616
1975 6289 2022 6342 per
2041 6273 2231 6328 ordinationem
2253 6273 2286 6324 ad
2306 6273 2405 6328 bonum
2426 6283 2552 6342 quantum

563 6359 633 6410 16616
659 6359 771 6414 1666666
798 6359 825 6408 16
853 6351 1004 6408 enturam'a
1023 6357 1125 6410 06661
1148 6357 1203 6408 sole
1241 6361 1304 6414 dum
1325 6359 1433 6412 modum
1452 6361 1555 6414 essendi
1574 6363 1750 6426 pergratiam
1769 6377 1820 6416 non
1838 6373 1878 6418 est
1914 6363 1949 6416 ad
1967 6363 2125 6416 intellectum
2138 6377 2187 6428 per
2199 6363 2293 6430 66661,
2315 6369 2442 6428 qnantum
2460 6363 2495 6414 ad
2513 6363 2552 6414 ef·

566 6447 693 6510 spirituali
711 6447 730 6496 ll
751 6445 931 6498 6366-661
944 6447 1084 6510 spiritualis
1096 6447 1203 6498 influen·
1240 6453 1266 6502 iu
1285 6447 1424 6514 omnibus,
1445 6447 1491 6502 sed
1510 6449 1534 6500 16
1555 6447 1675 6512 pluribus
1695 6451 1727 6502 16
1748 6453 1879 6504 6616-
1915 6453 2010 6504 fectum
2039 6451 2553 6516 66166111616611116376-61666-

563 6537 612 6600 116,
632 6549 701 6600 quae
719 6541 835 6586 mentem
854 6533 917 6584 fonti
936 6533 1002 6586 locis
1028 6535 1153 6586 assimilat
1178 6537 1203 6586 et
1239 6537 1311 6588 Deus
1329 6535 1506 6600 pergratiam
1534 6543 1574 6588 est
1590 6537 1617 6588 16
1636 6537 1760 6590 omuibus
1778 6541 1878 6594 Sanctis
1915 6543 1951 6594 611
1976 6549 2001 6594 61
2024 6541 2127 6606 perlicit
2144 6547 2218 6594 66166
2237 6541 2361 6606 animae,
2383 6541 2428 6606 qui
2447 6547 2507 6592 suut
2526 6543 2552 6590 in

563 6623 708 6676 conformat
725 6619 787 6676 t'bt'd.
1241 6623 1268 6676 lll
1289 6623 1341 6674 617
1360 6625 1386 6676 6.
1406 6623 1422 6676 6
1442 6651 1477 6664 -
1497 6625 1603 6688 Propter
1631 6627 1751 6680 ellectum
1778 6631 1877 6694 gratiae
1915 6629 2013 6694 Deum,
2029 6627 2552 6696 6161166166166611666666161661661

603 6711 633 6762 10
653 6739 688 6750 -
706 6717 746 6762 661
764 6709 933 6762 essentialiter
960 6705 1104 6762 6661111616
1131 6711 1202 6764 0611
1240 6711 1406 6764 inhabitantis
1436 6713 1503 6764 fleus
1526 6713 1671 6778 specialiter
1699 6715 1793 6768 dicitur
1820 6731 1877 6770 esse
1914 6717 2553 6780 16100816-6666666661166666616611

565 6799 615 6850 856
635 6797 782 6852 3*.11535
812 6813 868 6864 arg.
899 6799 924 6852 6.
955 6799 987 6850 16
1015 6795 1065 6850 160
1090 6813 1114 6864 6,
1133 6799 1150 6850 6
1168 6827 1203 6840 --
1241 6799 1599 6854 66111866611613876.6
1915 6807 2114 6858 63366356
2136 6805 2457 6858 6616665666536

564 6885 1203 6942 6666666166066616166611616166618566
1292 6889 1374 6940 -lu
1398 6889 1481 6954 gratia
1510 6887 1587 6942 datur
1617 6891 1727 6956 Spiritus
1745 6895 1876 6948 sanetusl
1968 6921 2003 6932 --
2021 6897 2116 6948 forutat
2143 6895 2258 6950 animaru
2288 6901 2414 6960 quantum
2439 6893 2474 6946 ad
2492 6895 2553 6946 affe·

562 6999 598 7011 -
616 6973 1040 7028 assimilaturDeoulsimilitudo
1060 6981 1084 7028 et
1103 6975 1202 7028 danum
1241 6975 1292 7028 616
1312 6975 1341 7028 3*
1360 6979 1467 7030 -Siue
1487 6979 1877 7048 gratiagratumiacienteSpi·
1915 6987 1986 7036 etum
2006 6983 2024 7032 ll
2045 6981 2104 7036 633„
2124 6995 2180 7048 arg.
2210 6983 2226 7034 3
2253 7011 2290 7022 -
2315 6981 2550 7046 666061111666666
