5784 8384
317 607 382 672 976
1157 603 1272 668 INDEX
1296 603 1487 668 SECUNDUS

602 693 662 746 POE
1958 691 2016 744 POE

316 785 458 838 Aeternitas
479 797 529 836 nou
550 785 588 836 est
609 781 744 846 dispositio
768 795 881 846 poenae,
908 779 954 832 sed
993 779 1018 830 ln
1040 781 1191 844 purgatorio
1211 779 1287 830 citius
1305 783 1434 842 purgatur
1457 791 1526 830 unus
1550 793 1629 846 quam
1669 781 1700 832 Ν
1722 779 1772 832 596
1792 783 1808 830 1.
1828 781 1845 832 3
1862 807 1898 818 -
1918 781 2053 832 Peccatum
2079 781 2156 832 trabit
2180 781 2305 834 deorsum

317 887 440 926 mensura
458 871 494 924 Ν
512 871 564 924 598
583 869 644 922 (1.6
994 868 1059 920 61166
1078 865 1182 920 116556
1201 867 1220 920 1.
1239 867 1263 918 9.
1284 865 1334 918 556
1355 881 1370 920 a
1388 893 1425 906 -·-
1438 867 1539 932 Aliquis
1555 869 1631 920 citius
1669 881 1721 920 non
1739 867 1884 920 secundum
1906 867 2024 920 ordinem
2044 875 2152 922 naturae
2176 883 2224 932 per
2247 883 2306 922 con·

370 989 403 998 -
413 969 516 1012 aeterna
530 959 678 1012 manifestat
689 973 821 1012 summam
830 961 954 1012 iustitiam
993 955 1035 1006 vel
1055 953 1154 1006 tardius
1175 959 1303 1020 purgatur
1320 967 1371 1006 noo
1385 953 1532 1006 secundum
1550 955 1631 1006 inten-
1672 957 1828 1010 formitatem
1844 957 1875 1010 ad
1889 959 1977 1010 locum
1988 957 2147 1022 inferiorem,
2160 957 2206 1008 sed
2220 971 2309 1010 secun·

317 1049 406 1102 Delli
423 1043 706 1112 9961.6.9996*,5*.
722 1049 771 1100 993
787 1043 955 1100 6*-(161666
994 1043 1094 1094 sionem
1118 1043 1310 1106 666116116,6661
1339 1049 1427 1094 reatus
1452 1043 1569 1094 solvendi
1598 1043 1629 1094 Ν
1670 1043 1733 1094 dum
1747 1045 1865 1098 ordinem
1879 1045 2079 1108 iustitiae,oum
2098 1047 2130 1098 sit
2142 1047 2306 1112 vilissimum,
2346 1087 2347 1090 ,

317 1153 374 1190 essa
397 1139 425 1190 in
449 1139 585 1202 infinitum,
606 1143 634 1190 ut
654 1139 831 1190 manifestetur
853 1137 897 1188 Dei
918 1139 956 1188 iu·
995 1129 1047 1182 556
1066 1129 1083 1180 b
1103 1157 1137 1170 -
1157 1131 1204 1196 Qui
1220 1131 1630 1196 6116616616666666666666666616
1670 1131 1784 1196 disponit
1800 1133 1835 1186 ad
1853 1135 1938 1186 locum
1960 1133 2114 1184 vilissimum
2134 1139 2160 1186 et
2185 1135 2305 1188 infimum

317 1227 384 1280 stiria
401 1225 500 1278 infinita
518 1227 553 1280 tv
575 1227 629 1278 966
656 1241 673 1278 a
701 1223 764 1280 Vide
799 1223 826 1276 V,
851 1223 955 1278 lustitia
995 1217 1072 1270 debet
1091 1217 1189 1270 diutius
1208 1219 1335 1272 sustinere
1356 1231 1468 1282 poenam
1487 1217 1555 1270 666
1671 1217 1703 1270 Ν
1724 1219 1822 1274 9963*
1843 1251 1875 1260 -
1906 1223 2012 1274 Peccato
2031 1223 2124 1274 reniali
2146 1221 2306 1274 (1616666616

316 1313 435 1368 -dt'vt'tttt
1049 1333 1082 1346 -
1103 1307 1251 1370 purgatoria
1278 1307 1433 1370 generaliter
1460 1309 1566 1372 gravior
1595 1313 1632 1358 est
1670 1319 1718 1358 cus
1736 1313 1919 1374 purgatorius,
1937 1309 2056 1374 originali
2070 1309 2220 1372 limbus,et
2237 1323 2307 1364 66666-

368 1431 403 1442 -
422 1411 525 1456 6666666
548 1411 618 1456 tenet
629 1403 762 1462 nominem
775 1403 801 1452 in
820 1409 955 1454 aeternum
995 1395 1065 1446 omni
1085 1395 1221 1458 temporali
1241 1409 1338 1460 poena,
1359 1409 1437 1460 uuam
1461 1397 1569 1448 sustinet
1581 1397 1633 1448 ani·
1671 1395 1968 1450 661116166666166961
1990 1395 2008 1448 b

317 1499 465 1556 separatum
487 1493 613 1546 avitalf
636 1493 688 1544 968
714 1489 732 1542 b
755 1517 792 1528 -
819 1491 957 1542 llortaliier
996 1483 1630 1548 6666666616661666661165691.1,9.5966
1724 1511 1758 1522 -·
1778 1487 1803 1536 16
1823 1487 1880 1540 1666
1898 1481 2072 1556 poenitenliae
2086 1487 2199 1550 graviori
2214 1487 2306 1550 culpae

317 1595 429 1646 peccans
446 1589 591 1646 separatae
612 1579 955 1646 avitagratlae,adquam
995 1599 1030 1610 -
1049 1571 1103 1624 Non
1123 1573 1207 1624 omnis
1228 1585 1311 1636 poena
1331 1575 1476 1638 purgatorii
1493 1579 1533 1624 666
1550 1575 1632 1624 maior
1671 1573 1811 1636 respondet
1831 1577 1937 1640 gravior
1957 1589 2042 1640 poena
2060 1579 2187 1640 quantum
2209 1575 2241 1628 ad
2270 1577 2307 1628 in·

317 1669 348 1722 de
370 1685 395 1722 se
415 1683 552 1736 nunquam
571 1673 655 1730 666666
676 1679 813 1730 resurgere
831 1667 851 1718 ll
865 1667 957 1718 96316.
997 1673 1080 1726 66666
1101 1667 1237 1724 666666616
1254 1661 1290 1712 Ν
1308 1661 1360 1714 596
1378 1677 1392 1712 a
1412 1687 1446 1700 -
1461 1661 1560 1712 Poenae
1573 1675 1632 1726 pur-
1671 1661 1813 1714 tensionem
1835 1669 1859 1716 el
1877 1663 2043 1716 durationem
2060 1661 2095 1714 Ν
2114 1663 2166 1714 555
2185 1663 2203 1714 1.
2217 1663 2240 1714 3.
2255 1663 2305 1716 556

318 1759 371 1810 959
389 1757 418 1810 3*
437 1785 471 1796 -
491 1763 594 1808 aeterna
609 1763 646 1808 est
660 1755 955 1808 66666666666166968
996 1751 1088 1814 gatorli
1109 1751 1224 1814 gremias
1243 1763 1295 1804 non
1313 1755 1398 1814 potest
1417 1751 1582 1804 determinari
1602 1763 1631 1802 ex
1670 1763 1684 1800 a
1703 1763 1743 1814 666.
1761 1751 1967 1804 -arbitrariae
1993 1759 2137 1816 pensantur
2162 1751 2307 1804 secundum

317 1847 333 1898 f.
356 1849 426 1898 9-
445 1847 493 1896 666
510 1857 624 1910 poenam
642 1853 774 1896 aeternam
796 1845 905 1896 totaliter
918 1855 958 1896 re·
997 1839 1096 1890 6666666
1116 1835 1632 1904 6666661166666666-666661666661-
1671 1837 1875 1904 magnitudinem
1898 1837 2205 1906 666666666666111967
2225 1841 2301 1904 argi

317 1941 439 1988 movetur
456 1935 556 1998 peccari
570 1931 721 1998 delectatio,
744 1931 902 1986 conterendo
914 1945 958 1984 aar
997 1927 1150 1978 maeievius
1162 1931 1305 1990 puniuntur
1316 1925 1632 1992 666-6661666666·
1670 1953 1704 1964 -·
1724 1927 1890 1980 satisfactoria
1916 1935 2015 1982 taxatur
2033 1929 2139 1982 arbitrio
2167 1927 2308 1982 sacerdotis

317 2025 390 2090 quasi
403 2025 430 2074 ln
450 2023 584 2086 pulverem
605 2021 636 2072 Ν
657 2021 708 2072 385
729 2035 743 2072 6
761 2035 803 2088 sq.
997 2017 1155 2080 flagrationis
1175 2019 1197 2068 lo
1220 2019 1260 2070 die
1280 2017 1412 2070 iudiciiin
1436 2031 1549 2082 corpore
1571 2031 1630 2082 pur·
1670 2013 1702 2066 Ν
1715 2013 1764 2066 677
1777 2015 1998 2078 b-impnncnda
2009 2025 2048 2072 est
2056 2017 2248 2082 poenitentibus
2262 2019 2316 2082 666

363 2123 405 2150 =..
425 2113 449 2162 in
469 2117 536 2162 siaiu
557 2111 958 2162 consummaiionisesiieiunia.
996 2099 1074 2166 gandi
1097 2089 1365 2168 gravius'punieniur
1382 2109 1509 2168 quantum
1537 2103 1568 2154 661
1596 2105 1631 2154 in·
1670 2109 1784 2156 rectores
1802 2105 1929 2156 Ecclesiae
1949 2113 1977 2156 66
1994 2105 2107 2160 arbitros
2125 2107 2182 2160 1666
2201 2107 2247 2158 Dei
2275 2105 2307 2159 Ν

317 2199 420 2252 diribitis
438 2205 462 2252 ei
483 2201 601 2252 differtur·
620 2199 637 2250 ii
659 2197 708 2250 iiiii
738 2197 764 2248 i*
785 2225 818 2234 -
837 2207 957 2252 aeternae
996 2191 1152 2256 tensionem,
1174 2205 1253 2258 quam
1272 2193 1316 2258 qui
1336 2205 1407 2242 nuuc
1426 2199 1571 2256 purgantur
1597 2189 1629 2246 66.
1671 2191 1722 2244 366
1733 2207 1754 2258 6,
1772 2191 1927 2250 6*-6)666
1940 2207 1971 2246 66
1983 2197 2119 2246 committit
2132 2197 2159 2246 in
2171 2195 2308 2248 arbitrium

317 2289 492 2342 damnationis
509 2289 558 2342 tuit
576 2287 667 2352 dilata,
686 2289 748 2354 quia
765 2291 849 2340 autari
871 2287 957 2340 locum
995 2279 1066 2330 b-
1085 2281 1193 2332 Animae
1219 2295 1269 2332 non
1296 2281 1438 2344 puniuntur
1467 2283 1574 2344 gravius
1602 2295 1632 2332 ex
1670 2281 1891 2346 sacerdotissae
1918 2281 2036 2348 discreti,
2063 2291 2190 2348 quantum
2217 2283 2249 2336 ad
2276 2291 2308 2336 66·

317 2379 489 2444 poenitentiae
508 2377 535 2428 111
557 2375 607 2428 668
627 2375 655 2426 5*
997 2369 1126 2422 desiderio
1145 2375 1252 2420 naturae
1271 2375 1297 2420 66
1314 2369 1413 2432 gratiae
1426 2369 1589 2434 pertingendi
1600 2369 1632 2420 ad
1670 2371 1798 2422 tationem
1817 2385 1918 2434 poenae
1935 2371 1971 2424 Ν
1988 2369 2037 2422 566
2060 2371 2088 2422 d.
2107 2371 2116 2422 l
2198 2371 2199 2376 ’

370 2467 590 2518 -damnationis
606 2465 691 2516 statim
710 2465 835 2528 infligitur
856 2465 887 2516 Ν
904 2463 955 2516 518
996 2471 1129 2510 summurn
1149 2457 1248 2510 bonum
1267 2455 1327 2510 6666.
1358 2487 1392 2496 ·-
1415 2459 1558 2522 purgatorii
1580 2471 1632 2510 ma·
1724 2459 1926 2510 *Poenitentia
1940 2459 2100 2524 imponenda
2112 2465 2152 2512 est
2164 2459 2309 2512 secundum

317 2553 354 2620 l*,
377 2553 413 2606 5*.
434 2553 486 2606 957
505 2555 521 2606 1.
541 2553 567 2620 7,
588 2553 606 2606 16
626 2567 666 2618 sq.
693 2579 729 2592 -
753 2555 877 2606 Peccator
902 2567 956 2606 nie·
996 2547 1134 2598 61666666
1154 2547 1267 2598 consistit
1288 2549 1312 2598 16
1326 2547 1631 2612 666666166666666166661,
1672 2547 1776 2610 regulas
1787 2549 1931 2612 canonicas,
1941 2549 1988 2600 sed
1999 2549 2109 2600 discreto
2119 2549 2309 2602 considerando

317 2647 387 2696 retur
405 2645 492 2696 statim
512 2643 598 2708 puniri
617 2643 648 2696 IV
671 2641 720 2694 959
742 2641 794 2692 ia
995 2635 1041 2688 sed
1061 2637 1173 2688 maxima
1191 2639 1231 2686 est
1249 2649 1333 2698 66666
1362 2637 1481 2690 afflictiva
1509 2633 1570 2690 6616.
1601 2663 1633 2678 ·-
1672 2649 1845 2700 personarunt
1869 2639 2079 2690 circumstantias
2102 2645 2126 2690 et
2156 2639 2310 2702 gravitatem

371 2759 406 2772 ..
435 2731 525 2784 inferni
555 2731 602 2784 eiii
629 2733 685 2784 sine
706 2731 899 2784 intermissione
924 2733 955 2785 iv
995 2723 1138 2790 purgatorii
1159 2723 1592 2778 6616666661661666611165936
1672 2723 1788 2800 criminis
1805 2723 1840 2776 Ν
1859 2723 1911 2776 569
1931 2723 1956 2776 (1.
1977 2727 1991 2778 3
2012 2753 2045 2764 —
2066 2727 2237 2780 Poeniientiae
2254 2741 2310 2792 gra·

317 2819 369 2874 957
388 2821 404 2874 ii
426 2835 463 2888 sq.
485 2819 534 2874 957
557 2819 581 2874 d.
603 2823 612 2870 l
630 2849 666 2858 -
679 2821 703 2872 ia
718 2821 956 2884 internoinssigiiiir
1042 2813 1273 2878 -inpurgatorio
1284 2819 1321 2864 esi
1331 2813 1425 2866 inflicta
1436 2827 1485 2866 nec
1493 2815 1633 2868 assumitur
1672 2825 1719 2864 ves
1736 2819 1836 2866 taxatae
1853 2813 1886 2864 ab
1906 2815 2016 2866 Ecclesia
2037 2827 2085 2882 pro
2110 2821 2217 2880 peccato
2240 2829 2311 2868 66666-

317 2925 399 2976 66666
421 2917 540 2976 aeterna,
560 2909 956 2976 quaeestomnibusaeqnalls
995 2899 1027 2952 66
1042 2901 1443 2966 661666666666616166616591
1462 2917 1632 2968 a-purga·
1673 2903 1715 2954 tali
1734 2903 1766 2954 IV
1787 2903 1837 2954 633
1857 2915 1881 2954 6.
1902 2903 1953 2954 569
1973 2903 1998 2954 (1.
2018 2905 2034 2956 3
2058 2933 2093 2942 -
2120 2903 2211 2968 piures
2232 2903 2311 2956 simol

317 2999 453 3050 duratione
474 3015 505 3052 ai
525 3003 600 3062 parte
621 2999 730 3064 posiiv
750 2999 802 3050 556
822 2997 851 3050 i*
995 2991 1058 3040 toria
1077 3005 1091 3040 e
1112 2993 1176 3042 viris
1203 2993 1277 3044 iustis
1306 2993 1445 3044 sustinetur
1475 2991 1632 3054 voluntarie,
1672 2995 1695 3044 66
1716 2993 1794 3044 scmel
1814 2999 1924 3056 6666666
1943 2993 2043 3058 imponi
2062 2993 2097 3044 Ν
2115 2993 2166 3044 696
2195 2993 2212 3044 i.
2240 2995 2310 3044 9-

369 3113 403 3126 ..
425 3089 608 3140 damnatorum
628 3101 679 3140 non
698 3089 824 3140 minutim·
853 3087 885 3140 iv
905 3087 954 3138 957
995 3077 1041 3128 sed
1061 3093 1122 3128 cum
1142 3079 1272 3132 desiderio
1292 3081 1438 3132 6666666661
1464 3079 1632 3146 perveniendi
1673 3081 1875 3144 multiplicantur
1895 3081 2040 3132 seeundum
2059 3083 2151 3134 merita
2169 3079 2204 3134 66.
2218 3083 2310 3134 63-

318 3179 333 3228 6,
355 3177 379 3228 5,
398 3177 450 3230 958
470 3191 533 3228 a—
549 3175 634 3228 debita
645 3185 754 3240 peccaro
767 3191 818 3228 non
830 3179 957 3228 minuitur
998 3165 1030 3216 661
1051 3169 1161 3230 patriam
1181 3167 1214 3218 Ν
1235 3167 1285 3218 599
1305 3167 1322 3218 b
1673 3169 1828 3218 Porniiontia
1844 3169 2014 3220 morientibus
2028 3183 2077 3220 non
2093 3171 2310 3236 66616666666616,

317 3265 393 3320 166616
412 3263 621 3332 operibus,sed
639 3267 765 3318 minuitur
783 3269 887 3330 tempus
899 3279 957 3330 pec·
1049 3285 1083 3294 --
1112 3265 1138 3310 ut
1164 3257 1314 3322 satisfaciat,
1343 3257 1634 3322 improportionabiiiter
1673 3257 1719 3308 6661
1737 3257 1922 3308 innotescenda
1941 3257 1975 3308 ad
1992 3257 2205 3322 cogrtoscendam
2225 3259 2311 3322 gravi·

318 3355 392 3408 candi
413 3353 446 3408 Ν
466 3353 516 3404 379
539 3353 598 3406 (1.8
621 3381 652 3392 -
675 3359 758 3420 666666
776 3355 880 3420 augeri,
905 3367 956 3406 non
997 3349 1079 3398 maior
1099 3347 1209 3412 exigitur
1223 3361 1238 3398 a
1251 3347 1337 3400 divina
1353 3347 1446 3398 iustitia
1465 3347 1491 3398 16
1511 3351 1635 3410 purgato·
1673 3349 1750 3398 tatem
1771 3347 1882 3410 6666661,
1905 3355 1930 3400 ut
1949 3359 2013 3398 vere
2033 3353 2199 3400 conterantur
2214 3347 2244 3398 Ν
2259 3347 2309 3398 538

317 3443 410 3496 remitti
431 3443 462 3494 Ν
490 3443 540 3494 958
566 3439 595 3494 9*
622 3469 656 3482 ·-
685 3443 868 3494 damnatorum
896 3455 957 3494 con·
995 3437 1034 3488 rio
1053 3449 1132 3502 quam
1153 3449 1238 3500 66666
1262 3441 1377 3488 assumta
1402 3437 1582 3500 inpraesenti
1602 3435 1633 3486 Ν
1673 3449 1730 3500 arg.
1748 3435 1775 3486 9.
1794 3433 1845 3486 569
1865 3435 1926 3488 dl
2112 3493 2115 3498 ,

317 3529 494 3584 summabitur
512 3533 537 3582 in
557 3531 653 3582 iudicio
674 3531 763 3584 111586
784 3531 846 3584 (1.6.
860 3531 891 3582 Ν
905 3529 956 3582 969
996 3527 1043 3578 591
1066 3539 1081 3578 6
1101 3553 1134 3564 ·-
1154 3527 1304 3592 purgatoria
1322 3531 1362 3578 est
1379 3527 1487 3590 gravior
1504 3539 1584 3590 quam
1599 3539 1635 3576 as·
1725 3525 2309 3590 -8661616661616166666,661616666661666,

316 3619 828 3674 16.9756--6666616161661161616
852 3621 903 3672 999
930 3617 957 3672 9*
996 3621 1089 3678 sumta,
1111 3617 1172 3682 quia
1191 3617 1555 3680 multominusestacoepla,
1573 3615 1632 3680 (6616
1673 3625 1724 3662 666
1742 3613 1818 3664 solvit
1839 3611 1956 3664 debitum
1976 3619 2062 3666 666666
2091 3613 2121 3664 Ν
2153 3613 2202 3664 677
2231 3627 2243 3662 6
2273 3627 2312 3678 sq.

317 3707 549 3774 —reproborum
569 3713 629 3774 post
655 3709 781 3762 iudicium
810 3707 957 3762 intendetur
997 3711 1036 3758 666
1053 3707 1161 3758 minime
1178 3707 1323 3758 voluntaria
1344 3705 1376 3758 Ν
1389 3703 1435 3756 531
1455 3717 1471 3754 a
1489 3705 1558 3754 -in
1573 3717 1635 3767 pur-
1673 3701 1719 3754 561
1748 3701 1805 3754 (1.1
1839 3731 1873 3740 -
1898 3703 2038 3754 satisfactio
2056 3703 2187 3754 sufficiens
2207 3703 2232 3752 in
2255 3701 2311 3754 foro

314 3797 348 3850 Ν
371 3797 474 3850 666916
670 3851 672 3856 ,
998 3797 1099 3860 gatorio
1118 3807 1169 3846 nen
1188 3793 1329 3848 intenditur
1355 3795 1461 3844 omnino
1490 3791 1633 3844 secundum
1673 3791 1800 3844 Ecclesiae
1819 3793 2036 3844 elconsoieniiao
2060 3805 2111 3842 non
2135 3805 2240 3854 semper
2259 3789 2312 3842 suf·

368 3915 402 3928 -
422 3887 555 3938 infernalis
572 3893 613 3938 666
631 3899 714 3950 66666
737 3893 834 3938 tantum
850 3887 957 3940 etuuifo
996 3875 1168 3936 intensionem
1190 3885 1284 3950 culpae
1305 3887 1431 3948 quantum
1453 3883 1488 3934 ad
1512 3879 1634 3932 666616166-
1673 3881 1725 3932 ficit
1742 3881 1768 3932 in
1789 3883 1845 3932 foro
1864 3879 2254 3934 (616166616661666163566
2273 3893 2312 3948 sq.

317 3977 396 4028 modo
417 3977 457 4028 via
479 3977 512 4028 ad
530 3977 640 4028 salutern
662 3977 695 4028 Ν
715 3977 748 4028 38
769 3973 799 4028 9*
818 3977 958 4028 *reddit
995 3977 1057 4038 tem,
1070 3971 1118 4026 sed
1131 3975 1311 4036 recompensat
1325 3971 1481 4022 diuturnitas
1493 3971 1526 4022 Ν
1544 3969 1595 4022 556
1607 3965 1635 4020 l*
1672 3971 1776 4036 -oni
1795 3971 1914 4034 implevit
1932 3971 2116 4034 poenitentiam
2143 3969 2313 4022 asacerdote

317 4063 506 4130 iurpossibiiem
525 4065 561 4118 ad
579 4063 680 4116 bonum
698 4065 717 4116 ll
740 4065 790 4116 835
810 4061 838 4116 5*
1049 4091 1083 4100 -
1104 4063 1214 4128 Spiritus
1240 4065 1374 4126 separatus
1398 4061 1506 4124 gravius
1530 4061 1635 4124 punitur
1673 4061 1822 4124 impositam
1843 4061 1903 4112 fecit
1920 4063 2021 4124 totum,
2039 4059 2072 4110 ad
2093 4057 2162 4124 quod
2177 4055 2313 4110 tenebatur

370 4181 405 4192 -
425 4151 603 4206 Consideralio
623 4165 723 4218 poenae
750 4153 878 4206 maiorum
908 4151 957 4206 sub
996 4151 1028 4202 Ν
1049 4151 1100 4202 519
1120 4151 1135 4200 f.
1157 4151 1172 4202 3
1191 4151 1634 4210 -661666666666666666666666
1673 4163 1704 4200 666
1723 4147 1810 4200 61616166
1831 4147 2043 4214 praecepti‚sed
2062 4153 2164 4200 6666666
2181 4147 2269 4200 6616666
2287 4149 2312 4198 16

318 4243 419 4296 ratione
439 4241 543 4294 divinae
569 4241 674 4294 ultionis
691 4241 751 4294 iacit
768 4241 803 4292 ad
830 4243 957 4306 gaudium
996 4242 1020 4290 et
1040 4241 1168 4292 rationem
1187 4239 1221 4292 Ν
1241 4237 1293 4290 590
1312 4253 1325 4288 6
1345 4263 1380 4276 ·-
1399 4239 1490 4288 Anima
1502 4241 1578 4288 exuta
1593 4247 1635 4300 pa·
1672 4237 1729 4288 iore
1747 4235 1793 4288 [lei
1811 4235 1845 4288 Ν
1865 4235 1912 4288 561
1935 4235 1964 4286 (1.
1984 4236 1992 4285 1
2016 4261 2052 4276 -·
2078 4235 2227 4286 Solventem
2250 4249 2313 4298 poe-

318 4337 342 4384 61
363 4331 472 4396 gloriam
492 4331 632 4384 Bealorum
651 4331 685 4382 Ν
705 4327 772 4382 1669
796 4329 820 4382 b.
841 4329 910 4382 1666
932 4327 959 4382 3*
996 4329 1129 4392 61666666
1147 4341 1176 4378 66
1194 4329 1279 4392 ipsam
1299 4339 1351 4376 non
1376 4325 1485 4390 punitur
1511 4325 1632 4388 gravius,
1673 4339 1734 4376 nant
1753 4325 1935 4390 impositama
1958 4325 2108 4390 sacerdote,
2129 4325 2151 4376 si
2170 4325 2313 4388 Deuspfus

370 4447 402 4460 -
424 4421 588 4484 temporalis,
611 4433 679 4486 quae
697 4433 750 4472 non
768 4421 909 4472 remittitur
932 4421 957 4470 ln
997 4431 1075 4482 quam
1097 4429 1158 4468 cum
1176 4421 1215 4466 est
1234 4415 1338 4480 corpori
1358 4411 1575 4466 6661666666666.
1595 4427 1647 4478 sq„
1673 4415 1759 4480 exigit,
1781 4415 1926 4480 ignorantia
1944 4418 2062 4478 excusat,
2083 4419 2109 4466 ut
2128 4427 2179 4466 non
2207 4419 2309 4480 peccet,

317 4507 495 4572 absolutione,
515 4509 695 4574 6616666616,
713 4509 755 4560 vol
769 4509 795 4558 in
808 4505 957 4576 purgatorio
995 4531 1029 4544 ·-
1043 4499 1161 4568 'spiritus
1180 4509 1314 4572 separatus
1333 4509 1359 4556 et
1376 4503 1530 4556 immortalis
1545 4503 1635 4556 1666166
1673 4503 1719 4556 sed
1738 4517 1789 4556 666
1808 4511 1946 4556 66666666
1967 4503 2141 4556 satisfactione
2153 4501 2311 4570 adbucper·

316 4599 348 4652 Ν
370 4597 420 4650 677
441 4597 456 4650 16
476 4599 642 4662 -exigitur
671 4603 730 4664 post
757 4599 956 4650 conversionem
995 4601 1034 4646 est
1058 4595 1092 4646 ad
1112 4593 1290 4646 sustinendam
1318 4607 1441 4658 magnam
1468 4605 1578 4658 poenam
1608 4593 1631 4644 in
1672 4591 1826 4644 6616661616
1847 4587 2311 4644 6666616666.-616166666666

315 4685 348 4738 ab
370 4689 474 4740 bomine
495 4687 660 4752 16666616
681 4685 735 4736 Deo
760 4687 785 4736 ln
812 4689 956 4752 praesenti,
996 4697 1023 4736 se
1045 4697 1124 4748 quam
1143 4685 1169 4734 ln
1190 4695 1301 4748 corpore
1319 4695 1430 4746 parram
1449 4681 1484 4734 Ν
1501 4679 1553 4734 593
1571 4695 1586 4732 a
1672 4681 2309 4746 616666666666666616666616666166661666666666666,

315 4779 360 4828 aut
378 4779 567 4842 postmortem
586 4775 621 4828 Ν
639 4774 692 4827 517
710 4775 730 4828 l.
752 4775 955 4842 l,d--tliqua
1048 4799 1083 4810 -
1103 4771 1193 4824 inferni
1213 4771 1293 4824 debet
1319 4771 1400 4836 infligi
1427 4783 1473 4838 per
1499 4767 1633 4824 6666166666
1672 4769 1741 4822 Deus
1759 4769 1863 4834 supplet
1882 4769 2056 4836 quoddeerai
2075 4767 2311 4834 666-661666·

315 4879 398 4930 66666
419 4865 612 4930 estpostbano
631 4865 719 4928 vitam,
741 4865 879 4930 quaefacti
894 4877 957 4928 pur·
995 4863 1143 4928 corporales
1163 4861 1194 4914 Ν
1215 4861 1264 4912 996
1286 4859 1347 4912 65.
1367 4859 1419 4912 697
1442 4859 1459 4910 1.
1485 4857 1509 4910 5.
1540 4859 1591 4910 998
1610 4873 1633 4910 6.
1672 4859 1710 4910 616
1736 4859 1936 4912 satisfactionem
1967 4859 2123 4922 condignam
2162 4859 2311 4922 impositam

316 4961 410 5020 gantur
429 4951 461 5008 66.
484 4953 529 5006 66
555 4979 589 4992 -·
610 4955 761 5018 purgatoria
782 4953 956 5018 ponendaest
995 4953 1041 5004 931
1061 4951 1633 5016 i.3—lnpurgatorloanimaepuniuntur
1672 4949 1777 5014 plenam
1796 4949 1982 5012 poenitentiam
2000 4949 2073 5012 facit;
2100 4949 2121 5000 si
2147 4961 2197 5000 non
2227 4949 2311 5012 impo-

315 5041 461 5096 secundum
483 5041 562 5096 fidem
580 5043 615 5094 Ν
634 5043 685 5094 363
705 5043 723 5094 l.
743 5041 759 5094 5
777 5069 813 5078 -
830 5047 957 5108 purgato·
993 5041 1081 5108 aliquo
1102 5041 1221 5092 exteriori
1241 5039 1368 5104 corporali
1387 5039 1422 5090 Ν
1440 5039 1491 5090 553
1511 5037 1528 5090 f.
1544 5035 1633 5090 6556
1672 5039 1740 5090 61666
1759 5037 1905 5102 condigna,
1930 5037 2014 5088 solvet
2041 5039 2067 5088 in
2096 5037 2249 5102 purgatorio
2278 5035 2310 5088 Ν

316 5133 352 5184 ria
373 5133 420 5184 erit
441 5133 585 5198 66666666
605 5129 810 5184 6666616518
839 5143 854 5182 6
880 5129 956 5182 -l
995 5131 1009 5182 l.
1031 5129 1402 5182 3-Convenienteranima
1417 5129 1441 5180 16
1455 5141 1541 5192 66666
1553 5125 1632 5180 subii·
1671 5127 1722 5178 399
1742 5125 1803 5178 (6.3

316 5233 397 5286 66666
422 5221 557 5284 temporali
575 5221 655 5272 bomo
683 5233 733 5270 oon
757 5219 903 5272 absolvitur
931 5221 954 5270 in
994 5219 1060 5270 citur
1077 5219 1116 5270 661
1134 5219 1262 5282 666666611
1284 5217 1357 5270 1951
1391 5231 1446 5282 arg.
1477 5217 1500 5268 6.
1520 5219 1553 5270 Ν
1581 5213 1631 5268 653
1724 5243 1758 5254 -
1779 5229 1829 5268 666
1850 5213 1928 5268 babet
1946 5215 2139 5280 oppositionem
2157 5213 2190 5266 ad
2206 5213 2309 5278 cuipam

314 5315 397 5360 morte
417 5305 494 5374 told,
514 5307 754 5372 til-temporalis
773 5314 954 5372 postmortem
994 5309 1010 5360 l.
1031 5309 1047 5360 9
1066 5333 1102 5348 -·
1121 5307 1187 5372 Quia
1205 5309 1293 5358 anima
1311 5307 1430 5370 peccavit
1447 5305 1474 5356 in
1501 5317 1580 5356 carne
1609 5311 1632 5356 el
1672 5317 1720 5356 nec
1737 5301 1839 5372 culpam
1856 5299 1924 5354 delei
1943 5303 1977 5354 lV
1995 5301 2048 5354 567
2068 5303 2119 5354 tl
2149 5309 2309 5370 -quanta-

315 5395 441 5450 solvenda
458 5405 499 5450 est
516 5405 576 5450 ante
594 5399 744 5462 ingressum
762 5399 788 5448 16
803 5398 903 5450 caelum
923 5395 954 5450 66.
994 5393 1128 5460 6666666616
1148 5407 1252 5446 carnem
1273 5393 1321 5444 sibl
1343 5393 1506 5456 praeposuit,
1529 5389 1633 5444 subiici·
1672 5407 1787 5460 cumque
1805 5405 1856 5444 non
1870 5395 1957 5456 potest
1975 5393 2082 5444 omnino
2101 5389 2239 5444 absolvere
2251 5405 2309 5458 pee-

316 5501 338 5550 e,
360 5483 396 5552 3*,
418 5483 454 5552 P,
477 5485 513 5538 ot
533 5487 584 5540 886
607 5483 721 5538 3*·-16
737 5489 956 5552 purgatorioanl-
994 5491 1036 5536 tur
1054 5483 1091 5536 rei
1111 5483 1239 5546 corporali
1252 5483 1286 5534 Ν
1305 5481 1357 5534 555
1376 5479 1452 5532 9*··-
1481 5483 1629 5544 Peccatum,
1671 5489 1785 5536 colorem
1804 5495 1817 5532 a
1839 5469 1914 5546 culpa
1932 5483 1959 5532 in
1977 5483 2042 5534 facie
2068 5481 2126 5546 661,
2156 5483 2203 5534 6161
2231 5483 2308 5546 culpa

315 5577 577 5642 mesola-ttseparata
595 5577 954 5642 qnodnoufeoitconiuncin
993 5585 1053 5626 cum
1073 5573 1106 5626 sit
1125 5573 1259 5636 dispositio
1279 5571 1418 5636 vilissima,
1442 5569 1521 5622 debet
1547 5567 1632 5634 puniti
1672 5571 1788 5622 deleatur
1806 5571 1983 5636 pergratiam
2001 5567 2036 5624 66.
2056 5567 2138 5622 l*-
2166 5585 2217 5622 non
2240 5569 2310 5624 iusti-

315 5663 348 5714 Ν
369 5665 419 5716 886
440 5663 468 5718 3*
994 5675 1042 5726 666
1059 5663 1176 5714 infimam
1195 5669 1341 5714 creaturam
1361 5659 1395 5712 Ν
1415 5659 1459 5712 931
1485 5659 1501 5708 1.
1528 5657 1543 5708 3
1568 5653 1631 5708 Vide
1671 5657 1731 5712 6666
1747 5673 1796 5724 666
1813 5673 1854 5726 66,
1873 5669 1959 5712 tamen
1979 5661 2092 5712 exterior
2103 5661 2203 5724 punitio
2218 5661 2309 5712 excitat

333 5765 334 5768 ’
370 5781 402 5790 -·
432 5753 615 5818 Puteolorum
642 5761 683 5806 cst
708 5753 826 5804 debitum
857 5755 955 5806 ratione
998 5749 1025 5802 P.
1045 5749 1127 5818 16666.
1146 5777 1182 5786 -
1200 5751 1311 5802 Peccans
1331 5749 1509 5812 pertimerem
1524 5749 1632 5796 elamo-
1670 5753 1695 5822 ei
1715 5747 1821 5802 adiuvat
1850 5751 1996 5802 interiorem
2024 5751 2148 5814 gratiam,
2172 5753 2201 5800 ui
2228 5751 2310 5814 possit

315 5841 407 5906 culpae
428 5841 461 5894 Ν
481 5841 531 5894 596
553 5843 570 5894 1.
595 5841 611 5892 3
635 5867 672 5878 -
695 5843 877 5906 Purgatorium
903 5855 954 5894 non
993 5851 1049 5890 rem
1059 5839 1167 5902 punitur
1176 5851 1224 5902 per
1233 5839 1320 5900 ignem
1334 5837 1452 5900 etfrigus
1464 5835 1496 5886 Ν
1509 5831 1599 5886 35861.
1618 5833 1626 5882 1
1671 5837 1815 5902 perducere
1835 5837 1867 5890 ad
1887 5837 2096 5890 testificationem
2114 5839 2256 5902 perfectam
2277 5837 2309 5890 Ν

315 5933 352 5982 est
380 5927 499 5982 debitum
523 5931 571 5982 nisi
601 5929 699 5982 ratione
728 5933 814 5980 reatus
845 5929 884 5978 vel
911 5929 956 5980 ali·
1045 5951 1080 5964 -
1095 5925 1235 5990 Quodlibet
1245 5933 1381 5990 peceatum
1396 5923 1503 5974 (66666616
1517 5931 1631 5976 meretur
1670 5925 1771 5980 5553*
1788 5953 1824 5966 -·
1843 5927 1954 5980 66666166
1972 5927 2045 5980 iurat
2069 5927 2178 5992 gretiam
2205 5927 2238 5978 ad
2264 5927 2309 5978 de·

315 6017 955 6084 6616666166611655666-6666161616666-
993 6025 1106 6077 poenam
1125 6021 1256 6066 aeternam
1276 6013 1378 6064 animae
1397 6017 1423 6064 et
1445 6015 1577 6080 66666616,
1598 6017 1632 6064 16·
1670 6017 1773 6068 leudam
1793 6015 2307 6080 6666661666666666166616116165566

315 6109 416 6172 galerio
436 6111 474 6160 est
499 6107 598 6160 ratione
626 6107 736 6172 peccati,
765 6105 811 6158 sed
837 6105 871 6158 ad
896 6119 956 6170 pur·
995 6105 1117 6156 6661666666
1135 6107 1162 6154 66
1179 6103 1332 6154 exteriorem
1354 6101 1385 6152 Ν
1406 6101 1456 6154 397
1477 6101 1538 6156 (1.9
1670 6131 1704 6144 -·-
1727 6107 1906 6170 9666666666
1930 6107 2100 6170 exteriorem,
2123 6107 2166 6158 vel
2183 6119 2232 6170 per
2250 6119 2309 6158 con·

315 6197 446 6260 gailonem
464 6195 499 6248 Ν
517 6195 570 6248 595
589 6193 619 6248 6*
634 6221 672 6234 -
690 6195 834 6260 purgatorii
860 6199 897 6246 est
923 6191 955 6246 ad
1048 6219 1081 6230 -·-
1102 6191 1245 6258 purgatorii
1265 6203 1316 6244 non
1336 6191 1440 6244 videtur
1458 6193 1540 6258 infligi
1559 6193 1632 6244 mini·
1670 6195 1798 6246 tritionem
1817 6195 1968 6246 interiorem
1987 6193 2089 6248 deletur
2105 6195 2205 6258 peccati
2225 6185 2307 6244 scoria

316 6283 747 6350 66166666666616666616555
767 6281 957 6350 6*-·16666·
994 6281 1071 6334 sterio
1084 6281 1225 6348 spirituum
1244 6281 1374 6332 bonorum
1387 6293 1436 6332 nec
1448 6281 1577 6332 malorum
1599 6281 1630 6332 Ν
1670 6283 1702 6334 Ν
1727 6283 1773 6336 531
1802 6281 2061 6348 3*-Ρο66611666,
2087 6295 2154 6350 quae
2178 6265 2308 6346 repugnat

316 6375 417 6440 galerio
436 6379 474 6426 est
499 6387 582 6440 poena
613 6387 704 6426 sensus
728 6373 761 6426 ad
791 6383 894 6438 tempus
923 6371 955 6426 Ν
995 6369 1076 6423 59616
1096 6385 1182 6438 sep-
1196 6367 1360 6434 probabilius
1377 6371 1529 6434 infligitura
1544 6369 1629 6422 (116166
1669 6371 1830 6424 inordinatae
1856 6371 2032 6438 delectationi,
2055 6377 2133 6434 prout
2158 6371 2242 6424 iuncta
2270 6375 2307 6424 esi

315 6461 363 6514 961
387 6461 403 6516 6
423 6489 457 6500 -·
470 6461 498 6514 ln
511 6463 666 6528 purgatorio
680 6463 765 6514 anima
778 6461 956 6526 temporaliter
993 6461 1089 6512 iustitia
1109 6457 1405 6524 iubenteetagentelV
1419 6459 1631 6512 5956-166616
1669 6461 1752 6514 ordini
1779 6461 1886 6526 gratiae,
1908 6461 1968 6514 facit
1988 6461 2022 6512 ad
2044 6459 2199 6528 deletionem
2222 6461 2307 6514 venia·

316 6555 423 6618 ponitur
441 6563 524 6616 poena
545 6551 613 6616 ignis
630 6555 654 6602 et
675 6551 820 6616 privatione
848 6551 956 6602 visionis
993 6551 1146 6614 infliguntur
1165 6549 1250 6602 solum
1269 6561 1316 6612 per
1334 6547 1419 6602 malos
1429 6549 1544 6614 spiritua,
1556 6549 1631 6600 malis
1669 6551 1733 6602 lium
1750 6551 1785 6602 Ν
1803 6547 1889 6602 5506

316 6641 362 6692 661
380 6639 412 6692 Ν
434 6639 486 6692 555
505 6641 521 6692 1.
542 6639 558 6692 6
992 6653 1056 6690 vero
1074 6651 1123 6702 per
1139 6635 1226 6690 bonos
1243 6641 1268 6688 et
1287 6635 1369 6690 malos
1388 6635 1422 6690 Ν
1440 6637 1493 6690 596
1511 6635 1530 6690 b
1548 6652 1587 6703 sq.
1722 6665 1756 6678 -
1768 6637 1882 6690 Poenaiis
1895 6637 2040 6692 humiliatio
2053 6637 2193 6704 praecipue
2204 6635 2306 6692 iacitad

369 6755 401 6768 -·-
423 6731 449 6782 lo
468 6727 624 6794 purgatorio
635 6727 691 6782 sola
704 6741 791 6792 poena
804 6729 954 6794 temporalis
1047 6755 1083 6766 -
1101 6731 1213 6794 augetur
1232 6741 1245 6778 a
1263 6725 1322 6778 loco
1335 6725 1369 6776 Ν
1382 6725 1475 6780 96916.
1489 6725 1541 6780 963
1554 6723 1584 6778 3*
1597 6753 1629 6764 -
1669 6727 1761 6792 culpae
1781 6729 1940 6780 curationem
1955 6731 1980 6780 et
1997 6725 2198 6780 satisfactionem
2212 6729 2239 6780 lll
2253 6729 2305 6782 336

315 6819 493 6884 16616666161
512 6817 563 6872 556
584 6815 613 6868 6*
631 6845 667 6854 -
686 6821 888 6882 purgatoriaesi
908 6825 955 6870 ter·
994 6815 1095 6870 Poenae
1114 6815 1243 6868 malorum
1262 6815 1383 6867 convenit
1395 6815 1585 6868 loeusiuilmns
1598 6813 1630 6866 Ν
1669 6817 1685 6866 f.
1715 6815 1731 6866 6
1758 6843 1793 6854 -
1820 6815 1869 6868 Per
1894 6825 2005 6880 poenam
2032 6821 2136 6866 curatur
2161 6815 2306 6870 infirmatus

316 6907 446 6960 minebifis
463 6915 490 6962 et
509 6905 679 6960 diminuibilis
696 6905 731 6958 Ν
750 6905 802 6958 963
830 6907 849 6960 f.
877 6905 891 6958 3
920 6933 954 6946 -
992 6903 1040 6956 966
1064 6905 1081 6956 16
1102 6903 1629 6968 -·-666616616666666161666616166166
1670 6917 1717 6968 per
1735 6903 1930 6956 delectationem
1949 6901 1983 6954 lv
2003 6901 2055 6954 366
2081 6903 2100 6956 1.
2117 6901 2142 6956 l.
2162 6903 2250 6956 36516
2272 6933 2305 6944 -
