5792 8392
1245 539 1529 656 6666664666
1553 585 1894 652 6666666666
2472 649 2473 652 ¹
2500 587 2564 654 aar

864 679 931 732 llUl'
2214 677 2282 730 llUT

632 767 815 818 -naturalis
845 767 871 818 οι
896 779 942 830 per
972 765 1215 820 diversificationem
1253 767 1365 820 termino
1391 765 1408 816 11
1436 761 1472 814 35
1491 761 1521 812 4*
1539 789 1572 800 -
1592 775 1660 830 quae
1684 761 1764 814 66664
1790 763 1892 812 tantum
1928 761 1980 814 cias
2000 767 2026 814 61
2042 767 2241 830 comprehendit
2261 777 2364 818 omnem
2395 765 2565 818 mutationem

578 859 768 922 proprietatum
789 855 856 906 circa
874 853 943 906 idem
965 857 1128 920 suppositum
1145 857 1217 912 1145
1252 857 1373 908 6144666
1393 859 1538 906 extremum
1556 863 1611 916 ens,
1631 863 1682 904 non
1703 853 1788 914 potest
1803 847 1892 902 dicere
1927 851 2073 904 secondum
2093 855 2228 920 qualitates
2253 859 2278 906 64
2295 857 2466 918 proprietates
2484 855 2494 906 1
2513 853 2565 906 664

579 941 606 994 6.
625 941 640 994 4
1253 941 1378 1006 medium,
1400 939 1445 994 sed
1465 953 1492 992 se
1512 944 1655 992 16661666
1668 937 1748 992 altero
1767 943 1893 988 extremo·
1927 935 1954 990 d.
1973 937 1988 988 9
2008 941 2110 992 -Ser
2129 955 2226 1006 genera
2246 943 2397 994 mutationis
2414 943 2449 994 lV
2478 941 2530 994 945
2549 959 2564 994 6

626 1057 668 1090 ,-
684 1031 750 1082 114641
770 1033 854 1082 66464
871 1027 983 1096 aliquid,
996 1031 1045 1083 6464
1064 1041 1218 1098 corrumpat
1252 1043 1311 1084 rum
1331 1027 1394 1084 ibid.
1412 1057 1444 1066 -
1466 1027 1498 1082 ad
1518 1041 1575 1078 esse
1595 1025 1656 1078 64641
1674 1027 1890 1090 aliudastquam
1926 1037 1968 1090 sq.
1985 1053 2022 1064 —
2039 1029 2126 1080 omnis
2145 1035 2188 1080 aut
2216 1037 2256 1082 est
2282 1029 2427 1082 secundum
2448 1027 2565 1082 substan·

578 1118 689 1186 aliquid,
709 1119 840 1184 quianon
860 1119 1026 1170 estmutatio
1050 1121 1106 1172 sine
1124 1121 1217 1184 depes·
1252 1131 1322 1172 nuuc
1348 1121 1433 1184 primo
1459 1127 1530 1180 esse,
1551 1115 1662 1166 mutatio
1686 1113 1722 1166 ab
1745 1127 1803 1166 esse
1829 1114 1890 1164 64641
1926 1113 2004 1178 4466,
2024 1121 2069 1166 664
2097 1115 2242 1168 secundnm
2263 1117 2384 1170 accidens
2402 1121 2409 1170 1
2429 1119 2479 1172 456
2501 1119 2518 1172 i.
2539 1119 2564 1170 4.

577 1205 712 1256 641166611
735 1205 784 1256 184
803 1203 954 1256 43-16
974 1209 1044 1258 6661
1072 1211 1217 1264 mutatione
1252 1207 1322 1262 aliud
1343 1213 1381 1260 est
1401 1219 1480 1274 quarn
1499 1217 1569 1256 nnnc
1589 1203 1679 1256 ultimo
1700 1217 1757 1256 esse
1781 1205 1806 1252 ct
1832 1199 1890 1252 ideo
1926 1199 1992 1250 1134
2018 1203 2118 1266 6666.
2139 1205 2160 1256 V
2181 1205 2246 1256 974
2275 1205 2306 1256 40

578 1293 612 1344 66
630 1293 741 1346 sormam
760 1293 859 1358 aliquid
884 1291 1050 1362 deperditur,
1071 1297 1143 1348 unde
1161 1303 1216 1362 pot·
1252 1311 1303 1348 non
1334 1297 1407 1362 ponit
1433 1293 1534 1362 aliquid
1560 1293 1632 1346 aliud
1660 1291 1805 1344 secundum
1834 1303 1889 1340 rem
1979 1289 2178 1342 -secuudum
2199 1291 2368 1346 substantiam
2395 1295 2436 1346 661
2462 1301 2502 1346 664
2524 1311 2566 1348 re-

576 1385 616 1432 est
633 1381 684 1434 dici
704 1393 776 1434 mors
794 1379 827 1432 lV
848 1381 911 1432 4634
935 1379 966 1430 9*
982 1407 1018 1420 -·
1031 1393 1068 1438 664
1082 1385 1213 1452 quaedam
1251 1399 1334 1452 quam
1351 1397 1424 1448 6666,
1443 1383 1489 1436 666
1508 1381 1594 1436 solam
1611 1381 1758 1434 secundant
1772 1379 1891 1430 intentio·
1926 1385 2019 1442 spectu
2037 1391 2095 1430 esse
2113 1379 2278 1446 simpliciter,
2297 1383 2340 1434 rel
2368 1389 2487 1448 respectu
2507 1397 2563 1438 esse

578 1481 650 1520 mors
667 1471 693 1520 in
713 1475 804 1520 natura
823 1469 940 1520 mutabili
962 1467 970 1518 l
990 1469 1041 1522 i58
1060 1475 1077 1524 1,
1099 1475 1108 1524 1
1252 1485 1313 1526 nam
1334 1475 1351 1526 11
1370 1473 1405 1526 34
1424 1471 1441 1526 1)
1913 1467 2043 1532 perlecti,
2063 1465 2156 1518 eadem
2169 1467 2312 1520 substantia
2327 1479 2476 1524 remanente
2489 1475 2498 1526 l
2513 1475 2562 1526 309

631 1583 667 1596 ··-
686 1557 762 1622 Quod
778 1559 932 1610 6616166111
945 1557 1044 1624 aliquid
1057 1561 1089 1612 lV
1103 1561 1149 1614 961
1169 1563 1216 1616 1.4
1304 1589 1340 1600 —-
1358 1563 1383 1614 16
1405 1563 1506 1616 46616644
1523 1559 1734 1612 6646446616666
1748 1555 1890 1618 66116664-
1927 1553 1957 1604 4*
1974 1583 2010 1592 -
2029 1553 2134 1622 Aliquid
2152 1559 2424 1610 mutatursecundum
2444 1559 2565 1612 substan-

630 1673 667 1686 —·
684 1645 718 1698 ad
737 1657 863 1698 essenon
883 1651 922 1698 664
938 1645 994 1698 6466
1007 1649 1163 1716 inceptione,
1181 1653 1215 1704 ab
1251 1661 1302 1700 666
1321 1663 1335 1700 6
1355 1663 1408 1716 quo
1426 1663 1475 1702 nec
1493 1649 1619 1702 terminus
1639 1645 1671 1700 ad
1691 1657 1771 1714 quem
1790 1643 1891 1694 19949
1926 1643 2004 1706 4466,
2024 1643 2130 1708 quando
2153 1643 2238 1708 perdit
2261 1643 2391 1712 naturale,
2410 1647 2483 1712 quod
2504 1661 2565 1700 con-

578 1745 706 1784 6666666
727 1733 840 1786 6646466
863 1733 1066 1800 6646644666,16
1087 1753 1143 1790 6666
1163 1753 1214 1792 666
1250 1739 1345 1800 6663
1547 1797 1548 1800 ¹
1926 1733 2044 1796 sequitur
2058 1738 2164 1784 6646666
2177 1733 2411 1800 complementum,
2426 1749 2475 1786 noo
2492 1737 2564 1802 quod

576 1827 616 1874 est
633 1823 688 1874 sine
708 1821 852 1892 variatione
869 1829 895 1876 64
914 1823 1099 1892 qualicumque
1112 1841 1215 1880 succes·
1303 1849 1341 1864 -
1358 1827 1504 1878 4161606646
1523 1841 1574 1878 666
1595 1833 1633 1880 664
1658 1825 1766 1878 6646146
1784 1819 1818 1874 114
1840 1821 1890 1874 480
1926 1821 2094 1886 consequitur
2108 1819 2236 1874 66466166
2252 1823 2270 1872 ll
2285 1819 2376 1872 1641*
2388 1847 2421 1862 -
2436 1831 2565 1888 estquan-

577 1909 650 1960 64666
670 1909 691 1960 V
713 1909 763 1962 404
782 1923 798 1962 6
1250 1925 1307 1976 arg.
1329 1913 1338 1964 4
1926 1913 1981 1962 166
1995 1909 2028 1960 66
2047 1909 2187 1960 666661466
2207 1917 2229 1962 64
2249 1915 2352 1974 statum,
2375 1911 2414 1962 661
2435 1917 2562 1978 quantum

628 2025 665 2037 -
682 2005 722 2052 est
740 1999 765 2050 in
785 1999 957 2062 productione
970 2005 1068 2056 ratione
1087 2003 1169 2056 exitus
1187 2001 1214 2054 in
1307 2027 1341 2036 -—
1360 2007 1386 2052 et
1403 2007 1488 2054 motus
1506 2001 1668 2056 reducuntur
1687 2003 1721 2056 ad
1739 2015 1825 2068 genus
1843 2008 1890 2055 ter·
1925 1997 1959 2048 ad
1978 1999 2094 2062 primum
2120 2011 2177 2050 6666
2200 2003 2223 2052 64
2245 1997 2312 2048 bene
2335 2011 2394 2050 esse
2409 1997 2445 2052 40.
2463 2013 2477 2052 6
2502 1999 2563 2054 Vide

577 2099 635 2138 esse
648 2090 705 2140 sive
718 2089 967 2152 receptionisnorae
979 2091 1154 2144 substantialis
1166 2093 1215 2142 lor·
1251 2087 1314 2138 mini
1334 2089 1401 2141 sicat
1418 2089 1477 2142 viae
1496 2091 1515 2142 11
1533 2091 1585 2144 569
1603 2091 1620 2144 6
1933 2087 1959 2138 V.
1979 2085 2132 2156 Correptio.
2145 2115 2179 2126 -
2193 2087 2269 2154 Quod
2282 2093 2397 2140 mutatur
2414 2087 2562 2140 seeundum

576 2187 650 2242 mac,
670 2191 738 2244 quae
756 2177 827 2228 6416
848 2181 987 2232 1666664411
1007 2181 1041 2234 36
1059 2195 1073 2232 6
1302 2201 1339 2214 -
1357 2175 1456 2242 Omne,
1476 2177 1549 2242 quod
1569 2177 1647 2232 66664
1672 2181 1787 2260 aquuam
1806 2179 1890 2230 varia·
1925 2175 2097 2228 substantiam
2107 2177 2285 2230 uttcrmiuum
2296 2177 2431 2228 formalem
2443 2183 2466 2230 et
2475 2189 2563 2242 respe-

629 2291 663 2306 ...
681 2267 786 2334 Aliquid
799 2273 839 2318 est
851 2267 974 2322 mutabile
986 2269 1011 2318 46
1032 2267 1212 2336 productione,
1251 2265 1360 2328 tionem,
1380 2261 1449 2316 cadit
1475 2265 1564 2330 aliquo
1589 2267 1668 2318 modo
1694 2283 1709 2320 a
1736 2267 1890 2320 necessitate
1925 2271 1967 2318 ctu
1985 2279 2043 2318 6666
2072 2267 2222 2330 simpliciter
2249 2269 2286 2318 est
2315 2265 2383 2318 aliud
2411 2273 2436 2318 et
2463 2265 2562 2318 aliudl

575 2365 636 2404 curn
657 2355 811 2408 6466466146
838 2357 917 2420 babiti
935 2369 967 2408 ex
986 2365 1058 2420 parte
1078 2357 1213 2422 principii,
1249 2351 1396 2404 secundum
1415 2351 1455 2414 id,
1473 2353 1619 2404 secundum
1640 2357 1713 2420 quod
1731 2359 1845 2406 ululatur
1863 2355 1888 2406 V
1925 2355 1976 2406 309
1997 2351 2025 2404 4*

575 2441 617 2492 661
645 2445 803 2498 introductio
829 2447 890 2498 novi
919 2459 950 2496 ex
976 2449 1050 2510 parte
1076 2443 1213 2510 producti,
1249 2439 1284 2492 97
1304 2439 1321 2490 i.
1341 2439 1356 2492 4
1374 2465 1410 2478 -·
1429 2437 1589 2504 Contingeus
1606 2447 1647 2494 661
1664 2441 1788 2494 66166416
1807 2447 1833 2492 64
1844 2457 1890 2494 ra·
1978 2471 2012 2480 -
2030 2441 2176 2496 secundum
2194 2443 2334 2496 accidentia
2347 2447 2387 2496 661
2399 2444 2514 2496 alteratio
2528 2443 2561 2496 lV

539 2577 540 2580 ,
576 2531 618 2582 661
638 2531 786 2584 decisioex
812 2537 886 2594 parte
910 2531 1084 2596 fundamenti,
1106 2533 1214 2598 dequo
1250 2525 1341 2582 riabile
1358 2529 1383 2582 V
1403 2527 1453 2580 347
1474 2529 1506 2580 99
1526 2555 1561 2566 -
1580 2527 1890 2582 4164664144661661661166
1925 2529 1975 2580 979
1997 2527 2025 2578 l*
2042 2557 2079 2568 -
2097 2531 2181 2582 446466
2198 2531 2352 2584 alterationis
2365 2539 2403 2584 cst
2415 2531 2562 2586 secundum

575 2619 726 2684 intelligitur
753 2617 863 2682 produci
883 2621 907 2672 V
926 2619 977 2672 104
996 2617 1024 2672 b.
1043 2621 1094 2670 406
1114 2617 1214 2672 49*-
1249 2619 1276 2668 46
1295 2617 1501 2682 contingenteV
1524 2617 1623 2668 4096*
1848 2613 1850 2618 ’
1925 2615 2075 2682 qualitatem
2093 2617 2239 2672 absolutam
2261 2619 2286 2670 111
2309 2619 2562 2684 lida—Proprie·

576 2711 615 2756 est
632 2707 659 2758 46
672 2707 845 2772 productione
863 2705 897 2760 de
910 2706 996 2772 aliquo
1010 2705 1137 2774 mutabili,
1152 2711 1213 2774 quia
1302 2731 1338 2744 ·-
1356 2709 1441 2770 potest
1459 2719 1531 2772 esse,
1548 2705 1711 2772 ubicumque
1722 2711 1762 2760 661
1773 2705 1889 2756 extensio
1924 2707 1964 2756 466
1981 2705 2099 2757 absoluta
2120 2719 2188 2756 nora
2202 2709 2262 2758 lacit
2273 2709 2443 2760 mutationem
2461 2709 2489 2760 111
2511 2707 2562 2762 475

575 2807 627 2846 666
649 2799 807 2860 potestesse
827 2795 897 2846 4666
916 2795 951 2846 164
971 2807 1020 2860 per
1032 2795 1212 2848 omnimodam
1249 2793 1399 2860 quantitatis
1417 2799 1442 2844 et
1461 2795 1616 2858 compositio
1636 2795 1653 2846 11
1672 2795 1724 2846 994
1744 2809 1758 2846 6
1777 2819 1813 2832 -·
1832 2795 1890 2846 4161-
1924 2791 1955 2842 3*
1970 2791 2033 2846 Vide
2052 2793 2079 2846 V.
2092 2791 2220 2846 Accidens
2234 2789 2309 2858 (ios
2321 2807 2345 2846 o.
2362 2791 2424 2850 407
2444 2797 2469 2862 c)
2491 2803 2516 2850 64
2531 2795 2561 2850 V.

575 2881 774 2936 indifferentiam
794 2883 865 2948 quod
890 2885 968 2936 datur
985 2889 1011 2936 et
1030 2885 1101 2950 quod
1120 2885 1213 2948 accipi·
1248 2885 1303 2936 lum
1334 2879 1458 2936 mutabile
1481 2891 1522 2936 est
1547 2885 1659 2948 simplex
1686 2883 1888 2936 11891.1-
1923 2879 2034 2936 liciniis.

575 2971 1053 3026 46664664664616666646611406
1079 2971 1213 3026 9*-664
1248 2969 1468 3024 116466414466666
1487 2975 1613 3026 6164666
1634 2971 1833 3038 simplicitateV
1852 2971 1889 3024 97
1976 2995 2013 3008 -
2032 2969 2112 3036 uagis
2132 2975 2247 3026 mutatur
2265 2983 2316 3038 666,
2334 2971 2442 3038 quando
2455 2975 2562 3038 suscipit

575 3059 601 3110 in
620 3061 793 3124 productione
821 3061 855 3114 de
882 3065 969 3128 parte,
989 3075 1039 3114 uon
1063 3063 1090 3114 in
1115 3063 1212 3128 produ·
1248 3059 1266 3112 1.
1286 3059 1300 3110 6
1924 3057 2036 3110 iorntam
2056 3073 2163 3126 novam,
2184 3073 2264 3128 quam
2276 3059 2383 3126 quando
2396 3059 2507 3128 acquirit
2519 3075 2563 3114 no·

576 3149 661 3200 ctione
680 3149 713 3202 66
732 3155 784 3202 4646
810 3149 954 3204 6666466446
973 3149 1007 3204 it.
1028 3149 1072 3204 19*
1097 3149 1158 3206 Vide
1180 3153 1211 3206 V.
1301 3175 1336 3190 --
1355 3149 1381 3202 ln
1401 3151 1472 3202 omui
1490 3151 1634 3204 mutatione
1646 3155 1684 3202 est
1702 3153 1788 3218 aliquo
1808 3149 1889 3202 modo
1924 3161 1989 3200 vum
2009 3149 2087 3200 situm
2106 3149 2126 3206 ll
2146 3149 2173 3200 34
2198 3151 2214 3200 4.
2234 3149 2252 3202 6
2269 3175 2304 3188 ··-
2324 3149 2403 3202 446466
2422 3157 2461 3204 664
2479 3151 2562 3204 varia-

577 3235 719 3290 Gcrteroiio
737 3235 757 3292 7
777 3239 801 3290 16
821 3239 908 3292 166466
925 3253 1017 3304 gener.
1249 3239 1323 3306 prius
1342 3247 1366 3294 64
1385 3241 1516 3304 posterius
1536 3241 1556 3290 V
1577 3239 1609 3292 97
1629 3237 1887 3292 cartulatos
1925 3239 1961 3290 446
1979 3239 2005 3289 46
2025 3245 2097 3290 6616
2119 3239 2265 3292 secundum
2288 3237 2475 3302 substantiam,
2501 3241 2562 3306 quia

628 3327 795 3396 -Aliquid
827 3329 990 3392 praedicatur
1019 3329 1213 3384 denominative
1250 3325 1889 3394 41*-16666146646646446666666664166·
1925 3333 1964 3380 est
1981 3329 2047 3380 entis
2067 3329 2091 3378 in
2111 3329 2234 3392 potentia,
2252 3329 2336 3380 minor
2347 3329 2374 3380 16
2388 3335 2459 3380 6646
2472 3341 2562 3380 secun·

575 3427 623 3480 per
642 3415 751 3468 modum
771 3419 990 3472 transmutationis
1010 3419 1038 3470 111
1058 3418 1108 3470 455
1130 3417 1158 3470 4*
1250 3419 1368 3470 646666
1390 3431 1443 3484 quo
1463 3431 1542 3484 quam
1562 3419 1688 3470 terminus
1701 3419 1733 3472 ad
1748 3430 1828 3484 quem
1847 3431 1887 3470 se·
1925 3417 1988 3468 dum
2009 3417 2094 3470 locum
2114 3419 2123 3468 l
2144 3417 2194 3468 489
2212 3429 2268 3482 arg.
2288 3417 2303 3466 9
2327 3413 2390 3470 Vide
2411 3417 2440 3470 V.
2461 3415 2562 3470 Formo

628 3531 664 3544 ··-
682 3505 806 3558 naturalis
825 3509 967 3572 praeexigit
980 3509 1116 3560 materiam
1129 3513 1213 3562 64666
1249 3505 1366 3560 cundum
1386 3511 1521 3572 naturam,
1538 3508 1582 3561 661
1608 3509 1756 3560 secundum
1783 3511 1889 3572 tempus
1925 3501 1977 3562 24.

575 3593 602 3644 46
629 3597 741 3658 potentia
773 3593 791 3644 11
818 3593 852 3644 39
872 3593 902 3646 4*
927 3623 964 3634 -
989 3599 1031 3650 Ad
1057 3605 1212 3652 transmuta·
1250 3595 1283 3648 lV
1304 3593 1354 3648 495
1373 3599 1461 3662 arpi
1489 3593 1551 3650 Vide
1575 3597 1603 3650 V.
1622 3593 1698 3650 dolio
1718 3591 1788 3662 (440
1808 3595 1843 3658 6).
1977 3623 2013 3636 -
2030 3595 2175 3648 secundum
2197 3595 2307 3646 iormam
2326 3599 2364 3648 664
2384 3595 2562 3648 4661666646-

575 3695 636 3734 666
664 3683 799 3748 physicam
829 3691 986 3738 concurrunt
1014 3685 1161 3740 subiectum
1187 3697 1214 3742 et
1302 3683 1889 3738 -664466466466661111146-1666-
1925 3683 2007 3750 ribus,
2027 3683 2172 3738 secundum
2192 3683 2316 3736 6446646
2335 3681 2561 3736 664666461466611

575 3769 628 3822 666
649 3773 776 3824 contraria
795 3771 828 3822 lV
848 3771 897 3824 981
917 3785 973 3836 arg.
993 3775 1009 3824 9
1028 3803 1062 3814 -
1082 3773 1130 3826 Ubi
1151 3775 1212 3828 deli·
1249 3773 1344 3824 tatione
1362 3771 1449 3826 subita
1467 3773 1543 3824 simul
1564 3779 1602 3826 est
1614 3773 1670 3824 iicri
1684 3773 1818 3826 etinctum
1832 3785 1889 3824 esse
1925 3771 1976 3824 549
1998 3772 2029 3824 40
2049 3799 2085 3812 υ·-
2102 3773 2250 3828 secundnm
2262 3771 2374 3824 iormam
2387 3777 2426 3824 est
2438 3771 2463 3824 46
2478 3773 2562 3826 omni·

575 3859 609 3912 cit
627 3861 748 3926 materia,
769 3871 820 3910 666
845 3864 885 3913 664
911 3861 1018 3926 intelligi
1042 3865 1212 3916 mutationem
1249 3861 1267 3914 ll
1288 3859 1339 3912 446
1358 3863 1375 3912 l.
1395 3861 1419 3912 6.
1438 3861 1489 3915 708
1509 3863 1635 3916 64111
1655 3861 1706 3914 949
1725 3861 1764 3914 3*.
1787 3857 1838 3914 496
1859 3861 1889 3912 4*
1925 3859 1976 3912 bus
1996 3859 2148 3926 compositis
2165 3875 2214 3926 per
2231 3863 2350 3912 naturam
2371 3861 2379 3912 l
2399 3857 2481 3912 4606
2501 3857 2561 3914 Vide

575 3947 712 4012 physicam
739 3945 799 4002 ibid.
836 3947 896 4004 Vide
924 3947 957 4000 V.
973 3949 1088 4004 Meierio
1106 3947 1158 4008 94.
1175 3981 1212 3993 -
1253 3947 1315 4002 Vide
1340 3947 1365 4000 V.
1388 3945 1461 4002 Fieri
1477 3951 1504 4000 in
1523 3947 1608 4004 lodice
1629 3963 1719 4014 gener.
1930 3947 1959 4002 V.
1977 3947 2242 4016 Corpus-mutabile.
2264 3975 2299 3986 --
2324 3947 2469 4000 secundum
2497 3949 2563 4000 acci-

575 4037 662 4088 666646
688 4037 811 4088 [landatur
838 4049 918 4102 super
938 4037 1051 4104 ‚aliquod
1076 4039 1172 4094 mobile
1192 4043 1210 4094 11
1301 4061 1338 4076 -
1355 4037 1452 4090 Natura
1472 4051 1523 4090 non
1547 4039 1656 4090 sustinet
1675 4037 1824 4102 repentinas
1842 4037 1889 4088 im·
1924 4037 1989 4088 dens
2009 4039 2089 4090 66416
2109 4037 2345 4090 omnicreatursl
2367 4037 2416 4086 460
2437 4049 2460 4102 6,
2482 4033 2509 4086 1*
2550 4043 2554 4050 ·

575 4123 604 4174 31
628 4139 684 4190 arg.
704 4123 857 4178 5-Ninit
877 4125 948 4180 nullo
976 4129 1056 4182 modo
1081 4129 1213 4184 ,mutabile
1248 4127 1407 4178 mutationes
1424 4125 1458 4176 lV
1478 4127 1512 4178 88
1531 4139 1554 4178 6.
1577 4127 1626 4178 180
1646 4127 1821 4178 49-16466
1833 4137 1888 4176 mu·
1977 4121 2562 4178 -411666446466464466664461941446446.

546 4243 548 4250 ·
575 4217 614 4266 est
632 4213 656 4266 V
677 4213 729 4266 103
747 4227 803 4278 arg.
824 4215 857 4266 10
920 4231 924 4246 .
1249 4215 1357 4268 tationes
1377 4215 1521 4268 contrarias
1538 4213 1574 4266 de
1591 4215 1743 4268 necessitate
1756 4217 1794 4266 est
1813 4213 1889 4280 quies
1977 4241 2014 4254 -
2030 4215 2136 4282 Aliquid
2153 4217 2195 4268 est
2211 4211 2334 4266 66466416
2354 4225 2384 4266 er
2399 4227 2427 4264 sc
2441 4215 2506 4278 ipso,
2519 4215 2562 4274 vel

626 4329 664 4342 -
680 4303 765 4356 Omne
783 4301 908 4356 mutabile
930 4307 1077 4358 secundam
1096 4309 1213 4370 proprio·
1250 4301 1336 4356 media
1354 4303 1374 4356 ll
1395 4303 1482 4356 4461.
1502 4305 1518 4354 6
1923 4303 1950 4354 46
1968 4303 2032 4368 6146,
2045 4305 2086 4356 661
2106 4303 2222 4368 666116,
2242 4301 2283 4356 661
2303 4301 2433 4354 6666116
2453 4303 2474 4352 11
2494 4301 2526 4352 99
2546 4317 2562 4354 6

575 4397 639 4444 16466
658 4397 696 4444 661
716 4389 813 4458 aliquid
838 4397 940 4454 praeter
969 4391 1044 4458 illud,
1064 4395 1212 4448 secundum
1300 4419 1338 4430 —
1355 4391 1539 4444 denominatur
1557 4405 1572 4442 a
1592 4391 1887 4456 terminol233arg.3
1976 4421 2013 4432 -
2031 4391 2130 4458 Omne,
2148 4391 2220 4460 quod
2240 4397 2362 4456 mutatur,
2383 4397 2427 4442 aut
2447 4397 2562 4444 mutatur

575 4481 648 4546 quod
666 4479 805 4532 mutaturi
828 4479 878 4532 145
897 4481 921 4532 d.
944 4479 960 4530 4
1301 4481 1398 4532 -vel
1416 4485 1457 4532 661
1475 4479 1509 4532 66
1527 4493 1585 4532 6666
1608 4481 1636 4532 46
1658 4481 1730 4548 61466
1751 4491 1808 4532 6666
1832 4481 1888 4532 6466
1924 4481 1950 4532 46
1969 4485 2066 4534 646466
2085 4481 2235 4548 meliorem,
2257 4485 2300 4532 aut
2326 4479 2496 4544 deteriorem,
2519 4485 2563 4534 aut

627 4597 663 4608 -
681 4567 757 4634 Quod
778 4573 892 4622 mutatur
911 4568 998 4634 aliquo
1026 4571 1106 4624 modo
1124 4577 1213 4624 66664
1248 4571 1275 4622 46
1293 4569 1509 4634 6666161666,
1526 4567 1613 4622 66166
1631 4581 1682 4618 666
1702 4583 1760 4622 esse
1777 4567 1801 4616 in
1822 4581 1888 4634 esse,
1925 4567 2407 4634 6666616611671.4.11974.7

575 4655 678 4712 111944
708 4671 765 4724 arg.
790 4655 992 4710 3-166664
1019 4659 1106 4724 specie
1125 4665 1213 4712 motus
1248 4656 1290 4710 vel
1311 4659 1419 4712 deesse
1439 4659 1533 4710 innon
1552 4655 1746 4710 6666119946.
1766 4655 1788 4706 V
1809 4655 1887 4708 4046
1976 4655 2097 4708 —Cum
2117 4661 2177 4708 sunt
2195 4657 2562 4724 diversaeessentiae,unum

575 4745 673 4814 aliquid
692 4751 781 4798 manet
797 4743 832 4798 id.
857 4751 913 4812 arg.
932 4745 943 4796 4
968 4775 1002 4784 -
1023 4749 1047 4798 16
1067 4747 1212 4804 mutatione
1247 4773 1283 4788 -
1301 4749 1388 4800 omnis
1406 4745 1447 4798 661
1466 4751 1506 4798 664
1524 4745 1558 4796 66
1578 4759 1644 4812 6666,
1661 4747 1705 4798 661
1718 4745 1753 4800 66
1766 4757 1830 4812 esse,
1845 4747 1887 4798 661
1925 4751 2011 4810 potest
2023 4745 2128 4810 mutari,
2141 4745 2220 4798 altero
2231 4757 2282 4796 666
2294 4745 2459 4808 permutato!
2471 4745 2521 4796 158
2532 4743 2562 4796 9*

575 4837 683 4890 naturali
704 4827 932 4902 6666441166,46
953 4849 1005 4902 666
1024 4835 1211 4902 landaturpo·
1246 4837 1273 4886 46
1286 4835 1490 4902 esse,qula-vel
1505 4847 1562 4886 esse
1581 4835 1743 4898 accipil,vel
1758 4847 1815 4886 esse
1828 4847 1888 4898 per·
1976 4835 2115 4886 -maior
2133 4841 2171 4886 cst
2195 4835 2220 4884 in
2246 4831 2425 4898 perveniendo
2450 4831 2484 4884 ab
2509 4847 2562 4886 uuo

574 4925 653 4978 tentia
671 4925 794 4976 materiae
813 4919 849 4976 ib.
866 4937 922 4990 arg.
937 4925 1140 4992 9-16614666
1154 4939 1212 4976 66-
1249 4923 1299 4986 611,
1319 4925 1359 4976 661
1379 4923 1413 4976 66
1431 4937 1484 4976 uno
1504 4935 1562 4976 esse
1575 4925 1632 4976 sive
1644 4925 1725 4976 modo
1744 4921 1846 4976 essendi
1859 4925 1887 4976 in
1923 4923 1950 4976 iu
1967 4923 2088 4986 alterum,
2108 4926 2204 4988 quanto
2222 4921 2310 4986 magis
2327 4925 2387 4972 sunt
2404 4919 2523 4980 distantia
2543 4921 2562 4972 11

575 5015 669 5066 4644666
687 5015 750 5066 61641
770 5013 1212 5080 666666666664119456,1*
1248 5011 1320 5066 61466
1338 5013 1428 5066 transit
1449 5013 1469 5064 V
1490 5011 1524 5064 97
1543 5011 1560 5064 i.
1580 5013 1595 5064 9
1925 5013 1953 5064 34
1977 5015 1995 5064 l.
2015 5011 2030 5064 4
2049 5039 2085 5052 -
2102 5013 2169 5064 inter
2188 5015 2302 5064 extrema
2321 5009 2346 5060 in
2372 5009 2500 5062 inlinitum
2526 5009 2563 5062 di·

626 5131 661 5140 ·-
679 5101 714 5154 ad
732 5113 791 5156 csse
809 5101 957 5168 6464166641
975 5101 1023 5156 nisi
1042 5117 1057 5156 6
1077 5109 1151 5168 parte
1164 5109 1211 5156 ter·
1301 5129 1336 5138 -
1354 5101 1441 5166 prima
1459 5105 1498 5154 est
1517 5101 1557 5152 illa
1578 5115 1645 5168 quac
1672 5105 1712 5154 661
1728 5099 1764 5156 66
1781 5111 1839 5152 esse
1867 5103 1886 5154 11
1923 5103 2015 5154 6166446
2033 5115 2085 5152 666
2111 5105 2198 5166 potest
2215 5099 2270 5152 lieri
2297 5111 2343 5164 per
2361 5099 2485 5152 virtutem
2504 5099 2562 5150 liui-

574 5193 652 5258 mini,
671 5191 780 5256 mutatio
803 5189 838 5242 ab
861 5205 919 5244 6666
945 5192 1006 5245 64641
1031 5193 1080 5244 6464
1102 5205 1118 5244 6
1137 5193 1211 5258 parte
1247 5187 1299 5242 740
1320 5205 1376 5256 arg.
1396 5189 1405 5240 4
1924 5191 2006 5242 1661
2027 5189 2076 5242 159
2096 5203 2152 5254 arg.
2171 5187 2189 5240 7
2221 5241 2222 5244 ,

575 5279 709 5346 principii,
731 5279 884 5332 661644646
905 5293 964 5332 6666
986 5283 1059 5344 tinnit
1083 5295 1113 5334 ex
1138 5289 1211 5346 parte
1300 5279 1623 5346 -664664666666146,
1646 5285 1692 5332 aut
1718 5279 1851 5342 corruptio
1879 5279 1885 5328 1
1977 5307 2012 5316 -
2030 5277 2150 5330 116166116
2167 5283 2194 5330 64
2205 5275 2368 5328 4666166416
2382 5289 2431 5342 per
2442 5281 2560 5328 naturam

574 5369 710 5436 utriusque
734 5370 751 5421 11
781 5367 815 5418 34
841 5365 917 5438 b-·¹
935 5369 961 5420 46
986 5383 1043 5422 6666
1069 5377 1211 5436 utrumque
1248 5367 1299 5418 669
1320 5371 1336 5420 1.
1355 5367 1371 5418 4
1391 5393 1425 5406 «-
1444 5373 1570 5434 quaeest
1589 5367 1622 5420 66
1641 5369 1743 5420 664646
1769 5371 1887 5430 666,664
1924 5367 2014 5420 646661
2030 5365 2190 5420 differentias
2208 5367 2351 5432 oppositas,
2372 5371 2396 5416 64
2414 5369 2453 5416 661
2465 5365 2575 5430 impos»

573 5463 718 5512 extrenmm
744 5455 825 5510 66664
850 5465 874 5508 64
900 5455 1062 5524 subiectum,
1081 5457 1154 5524 quod
1172 5465 1212 5510 est
1247 5457 1394 5510 secundum
1407 5455 1529 5508 accidens
1541 5461 1567 5506 et
1579 5455 1803 5520 416446666646446,
1819 5469 1887 5522 quac
1924 5455 2012 5522 sibile,
2030 5469 2088 5508 esse
2107 5457 2175 5508 circa
2195 5453 2265 5518 idern
2285 5465 2392 5512 666666
2411 5453 2496 5518 idem,
2513 5467 2562 5504 nec

574 5549 648 5610 prius
666 5555 758 5600 natura
776 5555 855 5612 quarn
875 5547 1016 5614 terminus,
1037 5561 1116 5612 quem
1131 5553 1212 5600 muta·
1247 5543 1339 5596 66166
1357 5549 1416 5594 6616
1435 5543 1587 5608 simpliciter
1605 5543 1887 5608 inenspoteutiasive
1925 5545 2003 5596 simul
2026 5557 2076 5596 nec
2099 5545 2249 5598 successive
2271 5543 2289 5594 ll
2312 5539 2409 5594 1849*
2431 5543 2562 5594 -11646-

574 5637 609 5686 tio
628 5643 717 5690 natura
738 5639 822 5702 potest
841 5633 998 5698 praecedere
1022 5633 1083 5690 ibid.
1247 5633 1393 5686 secundum
1412 5633 1491 5698 quid,
1510 5637 1549 5684 664
1568 5629 1715 5686 66666666
1733 5633 1843 5688 iounam
1862 5639 1889 5684 64
1925 5633 1975 5686 6416
2003 5639 2028 5686 64
2055 5631 2217 5686 4666466416
2246 5637 2366 5694 respectu
2394 5629 2561 5684 diversorum

540 5707 541 5710 ¹
629 5753 661 5762 -
680 5725 707 5774 in
725 5737 783 5776 esse
800 5723 956 5796 eslaliquid
974 5723 1109 5778 diversum
1130 5737 1143 5774 a
1163 5729 1210 5776 ter·
1248 5721 1343 5774 dicitur
1360 5721 1509 5786 corruptio;
1529 5735 1597 5786 quae
1616 5725 1655 5774 664
1667 5721 1702 5774 66
1714 5729 1773 5774 6616
1785 5721 1812 5772 46
1825 5723 1887 5774 sim·
1925 5721 2086 5774 obiectorum
2107 5735 2157 5774 non
2178 5721 2274 5774 iaciunt
2293 5721 2421 5784 potentias
2440 5719 2561 5772 essentia·

575 5813 646 5864 mino
664 5811 808 5864 secundum
830 5825 902 5878 rem,
917 5815 1039 5876 quamvis
1053 5827 1104 5864 non
1119 5813 1152 5864 sit
1164 5825 1211 5864 666
1247 5809 1348 5876 pliciter
1358 5823 1418 5862 666
1438 5825 1500 5876 ens,
1521 5815 1560 5862 est
1584 5809 1728 5864 secundum
1750 5813 1829 5862 totam
1848 5811 1886 5864 rei
1925 5809 1981 5862 liter
2001 5809 2170 5864 diversificari
2190 5811 2208 5862 11
2228 5807 2279 5862 567
2300 5805 2328 5860 3*

574 5907 631 5954 actu
652 5903 811 5966 completam
833 5899 939 5954 11346
960 5885 1211 5968 -inesse,qnae
1247 5897 1887 5954 666646644666464641666664614606-
1976 5927 2013 5938 -
2032 5897 2080 5950 Ubi
2099 5907 2138 5950 est
2165 5897 2337 5962 mutabilitas,
2363 5895 2398 5948 464
2429 5897 2563 5948 collaesi

575 5987 652 6044 66664
677 5989 732 6044 duo
761 5993 888 6056 extrema,
916 5993 1063 6044 necessario
1092 5989 1209 6042 differta
1248 5987 1374 6040 llotusad
1389 5989 1499 6040 termam
1511 5989 1637 6044 dividitur
1647 5991 1888 6056 perquinquespc·
1925 5987 2052 6040 certitudo
2071 5987 2078 6038 1
2099 5985 2149 6038 694
2171 5987 2222 6038 nti
