5816 8400
1304 693 1447 762 Tibula
1469 695 1673 766 Calauius
1696 701 1824 768 RERUM
2140 737 2141 740 ¹
2197 795 2255 848 W
2493 709 2557 776 333

743 935 749 946 ⁸
851 937 855 946 Ι
906 853 1028 912 passione
1046 857 1198 928 intrinseca,
1240 867 1308 934 titur,
1329 871 1880 940 pallentecorpore,propteresseutialeni
1916 879 2034 934 arduitas
2066 885 2182 937 consistit
2213 887 2280 938 circa
2316 887 2450 952 passiones
2482 889 2559 942 susti·

560 947 605 992 aut
624 937 658 988 ab
683 941 831 986 extrinseco
849 935 915 988 illata
946 939 964 990 ll
992 941 1043 994 540
1064 943 1090 996 h.
1115 947 1200 1002 3464
1241 955 1362 1008 unionem
1383 959 1414 1010 ad
1436 973 1533 1026 corpus
1551 961 1581 1013 lll
1599 963 1650 1016 353
1671 967 1683 1014 4
1706 967 1713 1016 4
1742 965 1881 1020 34354
1917 967 2016 1022 nendas
2035 971 2064 1024 lll
2087 973 2139 1024 783
2170 973 2189 1026 l.
2214 973 2245 1038 4,
2269 973 2293 1026 5.
2322 973 2375 1026 733
2402 973 2431 1026 b.
2456 973 2570 1030 7344*

560 1055 597 1068 -·
622 1021 688 1076 Nilin
719 1025 1011 1126 compositampotest
1043 1035 1097 1096 44344
1131 1045 1200 1090 exte·
1237 1053 1268 1104 a,
1287 1041 1369 1094 l*--
1389 1045 1467 1102 Dolor
1486 1063 1536 1102 non
1557 1057 1595 1102 esi
1614 1053 1640 1104 iii
1659 1067 1738 1104 earne
1760 1059 1818 1108 ante
1837 1057 1880 1108 ad·
1915 1057 2071 1124 -Aliquis
2090 1065 2175 1124 potest
2193 1063 2320 1114 sustinere
2331 1069 2357 1114 et
2376 1063 2484 1128 aggredi
2499 1081 2558 1132 pas·

560 1117 632 1178 rius,
662 1109 733 1214 aliod
766 1123 815 1162 uon
845 1121 925 1176 possit
954 1121 1007 1180 pali
1034 1123 1143 1178 interius
1166 1127 1200 1178 Ν
1238 1137 1347 1182 ventum
1367 1133 1470 1186 animae
1488 1137 1508 1188 ll
1526 1137 1578 1190 743
1598 1137 1881 1196 b--animalcsmul-
1917 1147 2005 1198 sloaes
2033 1153 2079 1200 aut
2106 1157 2214 1214 propter
2241 1153 2350 1206 iustitiae
2379 1159 2402 1206 ei
2438 1155 2559 1206 honesta-

562 1201 630 1254 4033
650 1199 702 1250 43
1238 1223 1293 1268 tuin
1314 1219 1505 1276 redundantia
1525 1239 1631 1280 carnem
1650 1229 1683 1280 Ν
1704 1229 1755 1282 533
1775 1227 1805 1280 3*
1916 1237 1949 1286 lis
1967 1239 2207 1304 conservationem,
2225 1249 2270 1294 aut
2289 1249 2396 1306 propter
2416 1243 2556 1306 perfectam

590 1295 858 1388 1-44441444444
884 1291 965 1392 partis
988 1297 1200 1368 ademptionem,
1289 1333 1326 1342 -
1344 1307 1436 1360 Anima
1457 1319 1640 1376 separalaaon
1659 1321 1761 1370 tantam
1784 1319 1881 1382 patitur
1916 1321 2010 1374 Christi
2027 1325 2213 1392 imitationem,
2234 1335 2259 1382 ct
2271 1333 2386 1394 primum
2405 1339 2505 1396 spectat
2522 1333 2556 1386 ad

561 1372 661 1442 alliiffld
674 1371 762 1426 ³b¹¹⁰¹i
780 1375 813 1426 de
826 1376 968 1432 substinui
986 1389 1013 1436 θῑ
1031 1387 1128 1452 aliquid
1142 1389 1201 1442 inde
1237 1395 1384 1446 secundam
1403 1401 1610 1466 sensualitatem,
1631 1405 1677 1456 sed
1697 1407 1775 1458 etiam
1787 1421 1881 1460 secun·
1916 1409 2046 1462 dictamen
2072 1415 2136 1466 iuris
2154 1417 2277 1468 naturalis
2303 1421 2484 1474 ethonestatis
2504 1435 2558 1474 mo·

560 1461 706 1562 corrumpit
724 1463 741 1512 ll
764 1463 808 1516 464
835 1463 863 1516 4*
881 1495 916 1506 -
935 1471 1034 1522 intensa
1054 1477 1201 1538 corrumpit
1238 1477 1301 1530 duni
1323 1495 1350 1532 se
1369 1487 1463 1550 lotam,
1488 1491 1632 1554 praecipue
1655 1495 1801 1546 secundum
1823 1509 1880 1558 nar·
1916 1499 1992 1560 ralis,
2012 1501 2285 1558 secundumreroad
2306 1509 2442 1558 consillum
2460 1507 2506 1562 Dei
2526 1511 2556 1562 lll

559 1551 712 1616 simpliciter
730 1553 870 1606 auterendo
891 1569 962 1622 esse,
980 1561 1088 1626 quando
1100 1563 1201 1624 pallens
1238 1571 1290 1616 tem
1310 1567 1524 1636 intellectualem,
1547 1579 1624 1630 cuins
1649 1579 1725 1632 habet
1751 1595 1829 1632 usum
1853 1591 1880 1636 et
1915 1585 1967 1636 783
1988 1585 2015 1636 b.
2033 1585 2085 1638 734
2099 1587 2130 1638 5*

561 1643 648 1706 potest
665 1639 783 1704 recipere
810 1643 921 1694 sormam
951 1651 1107 1700 contrariam
1136 1663 1200 1702 suae
1239 1655 1418 1714 operationem
1438 1661 1536 1712 414353
1556 1663 1608 1714 45
1630 1669 1775 1720 -344444
1799 1673 1880 1722 44444-
1968 1699 2007 1714 -
2024 1675 2349 1744 laedeasetallllgensest
2369 1695 2452 1746 poena
2471 1685 2542 1736 ineo

560 1727 711 1794 perfectioni
730 1733 858 1792 quantum
871 1731 981 1798 adesse,
993 1735 1041 1786 sed
1056 1735 1200 1790 auferendo
1239 1751 1282 1790 me
1300 1741 1397 1804 reiuglt
1415 1759 1528 1808 poenam
1547 1751 1629 1816 ignis,
1650 1757 1710 1820 quia
1727 1763 1818 1808 eontra
1836 1771 1879 1810 na·
1916 1761 1943 1812 in
1961 1775 2016 1826 qno
2034 1777 2085 1814 iion
2105 1771 2145 1816 est
2162 1771 2220 1816 nata
2234 1781 2304 1834 esse,
2325 1777 2451 1834 quantum
2470 1781 2509 1822 est
2522 1725 2555 1822 ile

560 1817 628 1870 bene
648 1829 720 1880 esse,
744 1817 852 1882 quando
869 1819 971 1882 patiens
995 1829 1081 1886 potest
1100 1831 1199 1876 tantum
1238 1831 1325 1876 tuiain
1344 1843 1419 1880 suain
1439 1841 1489 1898 est,
1517 1849 1568 1888 non
1587 1839 1624 1890 sle
1649 1846 1736 1894 contra
1758 1849 1878 1896 naturam
1916 1849 2001 1912 prima
2021 1853 2203 1904 coiistitntioae
2221 1859 2341 1920 naturae,
2361 1855 2406 1908 sed
2427 1871 2475 1906 non
2498 1871 2556 1924 pro·

562 1905 697 1970 suscipere
721 1907 875 1958 contrariam
902 1907 1096 1972 dispositionem
1121 1927 1200 1978 quaii-
1238 1915 1356 1978 corporis
1376 1917 1408 1966 Ν
1428 1919 1475 1970 534
1499 1921 1529 1972 3*
1916 1937 1972 1996 prpe
1991 1939 2046 1990 Sine
2068 1941 2247 1992 contrarietate
2269 1945 2408 1998 volumnus
2429 1945 2553 1996 119541,

561 1999 617 2046 rum
637 1991 670 2044 ad
689 1989 758 2044 hapa
778 2007 835 2046 esse
853 1995 886 2046 Ν
907 1993 957 2048 030
977 1995 1005 2050 3*
1291 2029 1328 2042 -·
1345 2003 1449 2068 Aliquid
1474 2011 1570 2070 patitur
1589 2013 1732 2066 secundum
1759 2017 1878 2070 ordinem
1913 2047 1952 2060 -
1968 2029 2009 2074 est
2026 2025 2102 2088 piene
2124 2041 2207 2092 poena
2226 2035 2255 2080 iit
2279 2029 2419 2096 displicens
2443 2035 2466 2082 in
2486 2047 2556 2086 com·

851 761 909 812 Pas

614 847 769 912 -Aliquis
790 849 888 910 patitur

614 2109 651 2122 -·
669 2081 753 2132 omiiis
773 2083 798 2134 iii
824 2095 854 2134 re
870 2087 999 2148 corporali
1025 2087 1092 2140 iacta
1116 2095 1202 2152 potest
1238 2095 1360 2156 naturae,
1381 2091 1423 2144 rel
1443 2095 1590 2148 secundam
1609 2099 1830 2166 dispensationem
1843 2107 1878 2158 di·
1916 2111 2049 2170 paratione
2070 2113 2100 2164 44
2122 2115 2281 2170 roliiutaicm
2302 2117 2363 2170 ibid.

561 2171 647 2236 magis
665 2175 690 2222 44
708 2173 793 2236 magis
810 2171 910 2224 intendi
928 2179 954 2226 el
968 2189 1015 2238 per
1028 2191 1103 2230 suain
1121 2179 1202 2230 inien—
1238 2179 1315 2230 vinae
1329 2179 1536 2246 misericordiae,
1547 2185 1590 2236 vel
1603 2189 1749 2238 secundum
1760 2191 1878 2242 ordinem
1970 2221 2007 2236 --
2025 2211 2091 2260 para
2109 2203 2225 2264 poenalis
2244 2213 2282 2258 aa
2297 2207 2413 2258 0444ῃᾶ44
2435 2209 2555 2272 simplici-

561 2261 663 2314 eiouem
691 2265 778 2322 potest
804 2261 928 2314 inducere
956 2269 1067 2316 mortem
1096 2267 1128 2318 Ν
1149 2267 1200 2320 333
1239 2265 1473 2320 dlviuaeiustitiae
1492 2269 1587 2320 144347
1607 2269 1875 2344 videte-Qui
1916 2285 2052 2336 teretest
2072 2299 2086 2338 a
2105 2287 2159 2338 Deo
2179 2291 2197 2340 ll
2217 2291 2554 2356 reeh—culpabitisrsi

560 2363 618 2414 arg.
647 2349 720 2400 3—-
737 2353 778 2400 est
803 2349 846 2400 via
875 2351 909 2400 ad
937 2353 1148 2420 corruptionem,
1174 2355 1199 2408 in
1238 2357 1293 2420 agit
1311 2353 1383 2422 quod
1404 2371 1455 2410 non
1474 2357 1748 2428 debetpatiturquoii
1769 2363 1878 2418 <leherii
1914 2365 2066 2422 deordinata
2081 2375 2230 2438 simpliciter
2241 2383 2266 2428 et
2278 2379 2552 2434 ordlaaiasecuudum

562 2443 688 2506 quantam
709 2439 794 2502 magis
818 2437 883 2490 iacta
909 2437 995 2492 abiicit
1014 2455 1029 2494 4
1056 2443 1198 2496 substantia
1238 2443 1273 2494 33
1293 2445 1308 2494 4.
1329 2445 1345 2494 3
1915 2455 1977 2518 quad
1999 2463 2024 2508 er
2037 2471 2088 2510 „00
2101 2467 2141 2512 951
2158 2475 2171 2512 a
2195 2463 2246 2512 [leo
2266 2463 2326 2518 ,pn-d·
2344 2491 2379 2502 ,,
2397 2467 2488 2518 Μῦς,
2516 2475 2553 2520 ,51

561 2527 591 2579 lll
610 2521 765 2578 3543*-
784 2527 867 2578 oinnis
887 2529 1053 2582 maioriacta
1080 2531 1198 2584 abiiclta
1291 2559 1326 2570 -
1345 2531 1427 2584 Causa
1442 2533 1572 2596 passionis
1586 2535 1609 2584 iii
1631 2549 1727 2602 genere
1745 2539 1877 2590 moriscsl
1915 2541 2031 2606 quodam
2051 2545 2263 2602 modoordinala
2282 2551 2432 2616 adculpam
2451 2569 2553 2618 pracce-

561 2615 704 2668 substanlla
734 2613 766 2666 lV
786 2617 837 2668 333
866 2629 923 2680 arg.
944 2617 969 2668 3.
997 2619 1066 2670 4033
1097 2623 1113 2672 4.
1131 2621 1148 2672 3
1166 2647 1201 2660 -·-
1238 2621 1361 2672 meritum
1380 2623 1479 2684 peccati
1499 2623 1525 2672 lii
1544 2621 1634 2686 uobis,
1653 2625 1788 2688 lugebere
1807 2635 1878 2678 nalu-
1915 2627 2033 2692 dentem,
2053 2631 2099 2682 sed
2125 2633 2276 2686 deordinata
2301 2639 2390 2704 quoad
2412 2641 2552 2694 inclinatio·

563 2703 637 2770 Quod
666 2703 774 2756 interius
793 2707 889 2770 patitur
914 2711 952 2758 est
978 2707 1147 2772 corruptibile
1165 2707 1198 2760 Ν
1238 2721 1284 2760 444
1302 2713 1343 2760 est
1361 2711 1515 2774 compositio
1535 2707 1713 2764 exconti'arils
1730 2713 1876 2764 secundum
1916 2729 1975 2766 nem
1988 2717 2023 2768 ad
2042 2719 2148 2782 culpam
2162 2733 2323 2788 sequentem,
2337 2731 2361 2776 ct
2372 2727 2436 2776 haec
2450 2739 2499 2780 non
2515 2735 2552 2780 cst

563 2793 625 2846 4034
644 2791 801 2860 ill-Qui
815 2791 945 2858 passibilis
963 2803 1000 2848 est
1014 2803 1053 2848 est
1065 2797 1196 2862 mortalis,
1238 2801 1335 2848 statum
1346 2809 1452 2860 pugnae
1463 2805 1486 2850 et
1499 2803 1605 2850 mutuae
1618 2801 1728 2852 actionis
1740 2799 1770 2850 lll
1784 2799 1836 2852 353
1850 2799 1878 2852 5*
1915 2803 2004 2854 aDeo
2024 2803 2086 2858 4444.

562 2885 623 2950 quia
642 2881 737 2934 cadem
755 2889 796 2934 est
812 2885 877 2934 ialin
899 2883 1074 2948 passibilitatis
1094 2889 1119 2938 el
1130 2897 1201 2936 iiior·
1238 2909 1275 2922 -
1293 2887 1318 2938 lii
1340 2883 1415 2938 nobis
1427 2891 1467 2938 est
1479 2887 1617 2938 necessitas
1637 2887 1750 2952 patiendi
1771 2895 1877 2950 propter
1969 2917 2002 2928 -
2022 2887 2121 2944 carisii
2141 2895 2187 2946 iiiil
2211 2893 2292 2962 bona,
2322 2899 2381 2962 quia
2407 2901 2552 2952 voluntarla

563 2971 666 3024 talitatis
683 2971 700 3022 ll
722 2969 773 3022 504
793 2973 809 3024 l.
827 2971 843 3022 6
863 2999 899 3010 -
918 2971 1125 3040 perpessionem
1140 2985 1201 3026 eoa·
1239 2973 1383 3026 naturalem
1392 2975 1607 3040 compositionem
1616 2989 1648 3028 ex
1658 2977 1791 3028 contrariis
1801 2989 1878 3040 agen·
1914 2985 1940 3030 at
1960 2979 2053 3032 directa
2076 2983 2100 3032 in
2119 2981 2219 3034 borium
2239 2983 2317 3036 linem
2338 2983 2415 3036 4330
2435 2985 2495 3038 (4.3
2519 3013 2553 3026 -

563 3061 663 3114 tinuam
681 3073 732 3112 nou
752 3073 859 3124 semper
876 3073 976 3112 norum
993 3061 1092 3130 aliquid
1112 3061 1201 3112 adimi·
1241 3059 1310 3114 tibiis
1330 3069 1355 3116 et
1373 3063 1533 3128 pallentibus
1550 3069 1576 3116 el
1589 3073 1695 3130 propter
1715 3071 1814 3118 reatum
1829 3067 1877 3118 ori·
1914 3067 1940 3118 lii
1963 3069 2082 3130 passione
2095 3067 2185 3120 Christi
2207 3069 2251 3120 llei
2267 3073 2357 3122 caritas
2375 3073 2551 3124 manilestaiui

525 3191 528 3196 ,
563 3157 615 3216 uir,
635 3149 683 3202 seii
695 3149 813 3202 eiusdem
833 3151 870 3202 rel
884 3149 1017 3216 ademptio
1037 3151 1201 3202 continuatur
1241 3151 1335 3216 ginalis
1357 3153 1454 3216 peceati
1479 3151 1575 3204 444354
1600 3153 1716 3204 a-ln
1739 3151 1815 3204 nolils
1841 3159 1879 3204 est
1915 3155 1947 3206 Ν
1968 3153 2019 3206 357
2039 3157 2237 3208 a-llemorla
2260 3161 2387 3224 passionis
2407 3159 2551 3213 ilelectatct

563 3239 597 3290 Ν
616 3239 667 3292 330
686 3235 725 3290 3*.
746 3239 798 3292 335
816 3235 847 3292 7*
1155 3297 1157 3304 ,
1239 3243 1378 3292 necessitas
1393 3241 1505 3304 patiendi
1520 3243 1577 3292 sive
1589 3255 1636 3306 per
1655 3241 1876 3306 comparationem
1914 3243 2009 3308 reticii,
2030 3247 2091 3310 qula
2109 3251 2149 3296 est
2167 3251 2253 3296 nostra
2273 3247 2418 3310 redemptio
2437 3245 2497 3300 iiiii.
2518 3277 2552 3286 —

615 3355 650 3366 -
670 3341 720 3378 non
740 3333 791 3394 est,
803 3325 849 3382 ubi
869 3341 919 3380 non
933 3333 974 3380 est
991 3343 1083 3382 sensus
1103 3327 1200 3380 doloris
1239 3329 1273 3382 ad
1288 3337 1419 3394 naturam,
1439 3331 1494 3382 slve
1507 3329 1542 3382 ad
1559 3343 1700 3394 personam
1715 3327 1776 3382 iiiii.
1790 3343 1831 3394 sq.
1844 3357 1876 3368 -
1914 3331 1983 3382 Licet
1994 3339 2021 3382 et
2034 3337 2136 3396 oportet
2156 3331 2243 3384 dolere
2257 3335 2289 3386 de
2309 3337 2429 3400 passione
2444 3335 2549 3400 Christi,

494 3455 495 3458 ,
563 3417 596 3468 Ν
617 3415 669 3470 335
687 3415 715 3466 6*
738 3415 801 3472 Vide
823 3417 853 3470 V.
872 3415 964 3470 Duior.
984 3445 1017 3456 -
1038 3417 1139 3484 Quanto
1159 3415 1199 3468 ali·
1238 3421 1264 3472 lii
1286 3417 1360 3470 nobis
1379 3423 1418 3470 esi
1436 3419 1576 3470 necessitas
1596 3417 1725 3484 patiendi,
1749 3419 1784 3470 ita
1803 3417 1875 3483 quod
1913 3417 2029 3472 volendo
2047 3423 2206 3472 contrarium
2219 3421 2352 3474 voluntale
2371 3423 2484 3486 pletatis,
2505 3423 2550 3474 sed

563 3505 626 3572 quid
645 3505 730 3570 magis
749 3511 788 3556 est
806 3505 940 3570 passibile,
968 3505 1119 3558 adiunctum
1138 3505 1199 3556 alili·
1238 3521 1287 3560 iiec
1305 3511 1395 3558 natura
1416 3519 1464 3558 aec
1483 3507 1602 3556 voluntas
1620 3507 1702 3570 possit
1726 3505 1872 3570 passionem
1915 3521 1965 3560 non
1984 3509 2117 3560 voluntate
2137 3509 2241 3560 rationis
2262 3511 2269 3560 l
2288 3509 2340 3560 353
2361 3509 2397 3562 4*.
2418 3511 2464 3560 364
2489 3511 2550 3562 ill

563 3595 632 3658 genti
651 3595 738 3658 tnagis
760 3595 870 3658 patitur,
894 3595 987 3646 ceteris
1010 3595 1130 3658 paribus,
1158 3595 1198 3646 vel
1238 3595 1377 3658 prohibere
1396 3593 1431 3648 44.
1448 3593 1468 3646 b
1487 3621 1522 3630 --
1538 3595 1563 3646 lii
1585 3593 1662 3646 nohis
1679 3601 1719 3646 est
1736 3595 1876 3646 necessitas
1967 3623 2001 3634 --
2021 3593 2112 3646 Christi
2129 3597 2232 3660 aperuit
2249 3597 2333 3660 sigilla
2352 3601 2376 3648 et
2396 3605 2493 3650 secreta
2519 3599 2550 3648 ll'

563 3685 611 3734 iilsi
629 3685 660 3734 sit
680 3683 764 3732 minor
784 3695 876 3734 sensus
895 3681 1023 3746 passionis
1047 3681 1078 3732 Ν
1100 3679 1146 3734 534
1172 3679 1199 3730 3*
1238 3683 1352 3748 patiendi
1370 3689 1500 3734 contracta
1516 3679 1551 3734 44.
1570 3695 1599 3744 a,
1617 3679 1722 3732 b—lii
1742 3679 1818 3732 nobis
1832 3695 1872 3732 na·
1916 3681 1967 3732 434
1991 3681 2009 3732 h
2029 3709 2063 3722 -
2083 3687 2138 3734 erat
2164 3685 2367 3736 secretissimum
2399 3687 2550 3746 mysterium

561 3797 596 3808 --
615 3769 718 3836 Aliquid
740 3771 834 3832 patitur
849 3769 933 3834 magis
952 3773 978 3820 ei
991 3769 1077 3820 miuus
1098 3781 1148 3820 non
1163 3781 1199 3818 se·
1238 3775 1332 3820 turaet
1352 3769 1473 3820 voluntas
1496 3769 1611 3832 passioni
1630 3769 1734 3832 subest,
1751 3767 1874 3820 inildam
1914 3765 1977 3820 i'bt'ti.
1994 3795 2032 3808 —
2057 3769 2151 3820 Christi
2179 3769 2341 3832 significatur
2368 3771 2394 3820 in
2421 3773 2550 3822 occisione

563 3857 680 3910 cundum
693 3857 846 3920 laesionem,
868 3855 914 3906 sed
928 3855 1072 3908 secuudum
1093 3867 1199 3906 sensum
1238 3871 1299 3910 vero
1317 3861 1369 3908 lam
1397 3861 1488 3908 natura
1512 3861 1593 3922 quain
1619 3857 1739 3906 voluntas
1761 3855 1875 3918 passioni
1916 3859 2012 3908 444444
2033 3859 2105 3908 ruiae
2133 3857 2165 3910 Ν
2195 3855 2239 3906 444
2275 3857 2291 3908 b
2324 3855 2385 3910 Vide
2416 3855 2446 3908 V.
2475 3855 2550 3910 Citri-
2606 3877 2614 3892 s

564 3947 692 4012 passionis
710 3943 782 4010 thid,
806 3943 832 3994 4*
852 3971 886 3982 ·-
912 3957 961 3994 noa
988 3949 1026 3996 cst
1052 3945 1134 3994 maior
1159 3943 1200 3994 vel
1238 3949 1359 4010 praeerat
1374 3941 1408 3994 ib.
1428 3943 1445 3996 h
1465 3971 1500 3984 -
1519 3943 1547 3994 ln
1562 3947 1629 3994 statu
1650 3943 1812 3994 innocentiae
1825 3955 1877 3994 non
1915 3945 1976 3998 sitis
1997 3939 2046 3996 30.

563 4037 660 4100 minor,
681 4035 741 4102 quia
759 4033 1097 4100 aliquidtrausmuialuret
1115 4029 1200 4082 abllci·
1238 4033 1327 4086 luisset
1347 4033 1371 4084 iii
1391 4033 1497 4084 homine
1517 4031 1606 4094 passio
1628 4031 1773 4094 corporalis
1793 4031 1878 4082 intrin-
1969 4059 2003 4068 -
2023 4033 2092 4084 Deus
2109 4029 2232 4082 subvenit
2257 4031 2372 4082 humano
2396 4033 2484 4094 generi
2505 4045 2552 4094 per

564 4121 654 4180 turib.
674 4121 702 4174 3*
1241 4135 1301 4174 seca
1318 4135 1368 4172 nec
1387 4119 1452 4172 illata
1475 4119 1491 4170 ll
1511 4115 1562 4170 540
1582 4117 1601 4168 b
1619 4131 1660 4184 sq.
1916 4121 2064 4186 passionem
2092 4117 2184 4172 Christi
2211 4117 2242 4168 ad
2272 4117 2481 4170 satislaclendum
2504 4129 2551 4182 pio

617 4241 649 4252 -
669 4211 745 4278 Quod
763 4211 843 4264 laedit
861 4207 1019 4276 perfectibile
1049 4207 1125 4260 laedit
1154 4221 1201 4270 per
1223 4241 1237 4262 ¹,
1292 4237 1326 4248 --
1347 4207 1450 4272 Omnis,
1471 4207 1514 4274 qui
1535 4207 1643 4270 patitur,
1665 4209 1709 4258 aut
1728 4205 1875 4270 passionem
1917 4207 1992 4272 eulpa
2013 4207 2130 4270 originali
2158 4205 2189 4258 Ν
2219 4205 2268 4256 443
2294 4205 2364 4256 b·-
2383 4205 2460 4270 Quod
2483 4207 2552 4258 Deus

519 4289 522 4296 ’
563 4301 927 4368 consequensperiectionem
946 4293 1083 4350 4443543*
1101 4325 1135 4334 -
1156 4297 1201 4348 Pa·
1241 4297 1399 4364 promeruit,
1426 4303 1470 4348 aui
1498 4297 1722 4360 perpessionem
1749 4299 1877 4356 meretur,
1916 4297 2026 4360 patitur,
2045 4291 2498 4348 444444444444444441443544)
2519 4321 2553 4332 ..-

564 4393 640 4444 tiente
668 4401 721 4444 uuo
751 4387 886 4454 membro,
908 4387 1200 4452 compatiunturcetera
1240 4387 1354 4452 alioquin
1373 4385 1573 4450 patereturslne
1593 4383 1727 4436 iustiliael
1743 4381 1878 4432 trustralll
1917 4383 2008 4436 Christi
2030 4383 2088 4446 plus
2107 4381 2200 4434 meruit
2220 4393 2298 4446 quain
2318 4385 2457 4444 peccalum
2481 4381 2552 4432 Adae

563 4485 671 4546 propter
694 4477 816 4530 unionem
838 4475 1019 4528 membrorum
1046 4475 1070 4526 iii
1090 4485 1201 4538 corpore
1240 4475 1292 4528 385
1311 4475 1326 4526 4.
1347 4473 1371 4524 5.
1391 4473 1478 4524 3364
1918 4471 2045 4524 demeruit
2072 4469 2106 4522 Ν
2133 4469 2167 4520 36
2195 4481 2251 4532 arg.
2282 4471 2295 4518 3
2314 4465 2485 4518 -Christus
2506 4481 2553 4530 pei·

564 4567 655 4620 444353
674 4567 725 4618 43
1294 4591 1326 4600 -
1347 4567 1374 4612 ui
1392 4575 1458 4626 para
1489 4561 1575 4626 passio
1595 4573 1646 4612 uon
1676 4563 1713 4610 est
1742 4555 1879 4608 laudabilis
1917 4561 2063 4624 passionem
2078 4569 2152 4610 suain
2172 4555 2321 4620 impetravit
2335 4553 2411 4606 uobis
2426 4555 2553 4606 remissio·

523 4719 524 4722 ,
619 4685 651 4694 -
671 4657 699 4708 lli
724 4669 771 4720 per
797 4655 1005 4708 immutationem
1027 4651 1202 4718 perceptionis
1241 4663 1288 4702 nec
1307 4649 1490 4714 vituperabilis
1508 4649 1539 4700 lll
1558 4647 1608 4698 386
1627 4661 1659 4712 4,
1683 4643 1709 4696 4*
1730 4671 1762 4682 -·
1781 4649 1818 4696 cst
1846 4645 1878 4696 ei·
1918 4645 2222 4710 nemciilpaequautum
2241 4641 2553 4708 ailmaculamelqnan-

565 4747 666 4800 animae
686 4751 710 4798 et
729 4759 777 4810 per
797 4741 998 4810 inseparabilem
1017 4741 1201 4792 adhaesionem
1241 4741 1322 4792 iectus
1340 4747 1366 4790 et
1383 4735 1461 4790 litatio
1475 4735 1583 4788 actionis
1604 4741 1731 4802 quantum
1744 4731 1778 4784 ad
1797 4731 1879 4786 effica-
1918 4743 1972 4788 tuin
1992 4733 2025 4784 ad
2045 4739 2145 4786 reatum
2167 4729 2192 4780 lll
2209 4727 2258 4780 404
2273 4743 2288 4780 4
2301 4757 2335 4766 -
2348 4727 2439 4780 Christi
2461 4729 2553 4780 meruit

566 4837 704 4902 aiiligentis
722 4841 813 4886 contra
831 4833 993 4886 voluntatem
1012 4831 1044 4882 Ν
1064 4829 1116 4882 334
1134 4843 1149 4880 4
1169 4855 1202 4868 -
1241 4831 1307 4882 ciam
1326 4827 1352 4876 in
1373 4839 1470 4890 genere
1490 4829 1596 4876 naturae
1623 4819 1658 4876 r'b.
1678 4819 1706 4874 3*
1733 4847 1768 4858 --
1797 4825 1835 4870 est
1855 4821 1879 4870 iii
1919 4819 2553 4880 remissionemomniumpeccatorumquantum

565 4929 589 4978 iii
610 4925 696 4978 arilina
715 4927 756 4974 est
773 4921 930 4988 corporalis,
948 4921 990 4972 vel
1010 4919 1128 4973 animalis
1146 4915 1203 4970 sire
1241 4929 1335 4984 genera
1356 4915 1437 4968 moris
1460 4921 1491 4966 ut
1507 4913 1615 4966 allectus
1639 4909 1779 4964 voluntatis
1803 4909 1879 4960 inter·
1918 4909 1949 4962 ad
1971 4915 2070 4960 reatum
2090 4905 2151 4960 iiiiii.
2165 4931 2199 4944 —
2213 4903 2305 4956 Christi
2319 4905 2414 4954 meruit
2427 4903 2553 4954 remissio·

566 5013 706 5080 spiritualis
733 5009 795 5064 4044.
823 5025 864 5078 sq.
890 5037 926 5050 -
953 5009 1077 5062 naturalis
1103 5011 1140 5060 est
1169 5005 1203 5058 ab
1241 5019 1290 5058 nae
1313 5001 1377 5056 thid.
1400 5029 1435 5042 ·-
1458 5007 1522 5054 esta
1544 4999 1664 5050 violentia
1679 4997 1792 5062 ngeniis,
1812 5007 1880 5060 quae
1919 5011 1979 5050 nem
1997 4997 2298 5056 omniumpeccatorum
2316 4989 2553 5056 quantumadsul·

565 5107 670 5170 agente,
692 5101 810 5152 animalis
833 5099 972 5152 abanima
998 5099 1128 5164 seipsam
1147 5107 1203 5148 mo·
1241 5099 1280 5148 ost
1299 5093 1332 5144 ab
1352 5097 1438 5156 eitra,
1457 5089 1505 5142 sed
1523 5089 1653 5152 passionis
1672 5083 1821 5136 sustinentia
1842 5087 1881 5134 est
1920 5083 2070 5146 licientiam,
2092 5095 2141 5135 uon
2163 5083 2289 5146 quantam
2308 5077 2341 5128 aci
2361 5077 2501 5128 eillcaciam
2520 5073 2554 5128 44.

566 5199 642 5246 venie
654 5191 792 5242 occasione
807 5191 912 5242 actionis
928 5185 960 5242 40.
972 5187 999 5242 b.
1013 5187 1067 5240 335
1081 5183 1119 5252 4*,
1132 5181 1160 5236 6*
1170 5211 1205 5220 --
1242 5197 1256 5236 a
1274 5181 1407 5232 voluntate
1428 5177 1547 5242 patientis
1565 5171 1598 5226 ili.
1619 5191 1645 5238 a,
1669 5171 1696 5224 3*
1710 5199 1745 5210 -
1757 5185 1788 5222 eii
1809 5173 1881 5234 parte
1920 5171 1947 5226 l*
1959 5201 1995 5210 -
2006 5169 2100 5224 Christi
2115 5181 2167 5220 non
2185 5167 2262 5218 habet
2276 5165 2418 5218 eillcaeiam
2431 5163 2455 5212 ln
2472 5165 2555 5214 oinni-

567 5281 690 5334 naturalis
709 5279 850 5344 respondet
870 5279 962 5330 actioni
989 5275 1113 5340 naturali,
1137 5285 1205 5338 quae
1227 5269 1391 5338 sustinentis
1410 5269 1496 5332 potest
1517 5277 1576 5316 esse
1596 5261 1728 5314 meritoria
1751 5263 1777 5308 ol
1796 5257 1881 5308 deme·
1919 5261 1982 5326 has,
1999 5259 2060 5324 qaia
2081 5269 2130 5308 uon
2151 5267 2243 5306 ornnes
2261 5269 2291 5304 se
2308 5251 2450 5314 disponunt
2469 5249 2498 5300 Ν
2519 5249 2553 5298 33

566 5375 671 5438 generat
696 5371 812 5434 speciem
836 5367 1001 5422 consimilem
1019 5367 1045 5416 ln
1072 5377 1149 5430 passo
1168 5377 1205 5416 se·
1244 5359 1331 5414 ritoria
1349 5355 1386 5410 th.
1403 5371 1428 5422 a,
1454 5353 1482 5406 l*
1500 5381 1535 5392 -
1556 5356 1639 5416 polest
1664 5363 1722 5402 esse
1748 5347 1880 5398 meritoria
1919 5345 1947 5400 3*
1965 5373 2001 5386 -
2018 5347 2138 5398 ellectum
2160 5355 2208 5392 non
2232 5341 2308 5392 liabet
2333 5339 2380 5390 nisi
2400 5339 2425 5386 lii
2449 5337 2489 5388 liis
2507 5337 2553 5400 oui

566 5459 681 5512 cundum
702 5461 822 5510 naturam
848 5457 881 5510 Ν
905 5455 958 5508 334
985 5453 1206 5506 t*-l‘assioue
1243 5447 1276 5502 i'b.
1308 5445 1335 5500 4*
1353 5473 1389 5484 ·-
1409 5449 1494 5510 potest
1519 5455 1577 5492 esse
1596 5437 1665 5492 bona
1691 5449 1720 5488 eii
1749 5435 1880 5486 voluntate
1918 5437 2009 5488 volunt
2029 5433 2082 5486 lieri
2104 5429 2223 5482 membra
2242 5425 2333 5480 Christi
2354 5425 2553 5476 elconsentiunt

566 5549 669 5602 animali
690 5553 831 5614 generatur
854 5545 996 5598 similitudo
1015 5541 1156 5610 spiritualis
1180 5541 1204 5592 in
1245 5537 1377 5604 patientis,
1397 5545 1458 5586 cuin
1479 5527 1690 5584 actioestmala
1709 5521 1745 5576 t'b.
1766 5521 1805 5574 3*.
1829 5521 1881 5572 433
1920 5523 1951 5578 Ν
1973 5521 2060 5574 4434
2302 5605 2307 5614 .
2394 5599 2400 5610 ῃ

568 5651 645 5704 passo
663 5633 725 5688 ibid.
1245 5627 1269 5680 d.
1298 5625 1313 5678 4
1341 5651 1376 5662 ·-
1400 5623 1508 5686 dicitur,
1538 5623 1566 5670 ut
1592 5625 1633 5710 est
1658 5617 1686 5668 in
1713 5611 1824 5678 patiente
1854 5611 1881 5662 lll
1973 5611 2131 5660 -Eilectus
2144 5603 2339 5656 misericordiae
2350 5613 2433 5652 maior
2444 5609 2484 5652 est
2497 5603 2556 5662 post

619 5753 653 5764 -
671 5737 739 5792 qaae
759 5737 810 5776 aaa
823 5729 861 5776 est
879 5723 921 5776 via
942 5719 973 5774 ad
994 5719 1206 5786 corruptionem,
1247 5715 1296 5770 433
1317 5713 1341 5766 4.
1364 5711 1378 5764 4
1922 5701 2069 5768 passionem
2089 5695 2181 5748 Christi
2201 5691 2373 5756 persolutam,
2393 5699 2473 5752 quam
2495 5697 2555 5736 cuui

567 5819 652 5880 polest
671 5827 728 5866 esse
748 5815 774 5866 ia
792 5809 982 5878 incorruptibili
1004 5811 1031 5862 lll
1052 5807 1102 5862 354
1124 5805 1152 5860 3*
1170 5833 1206 5846 ·-
1296 5831 1331 5842 -
1350 5803 1461 5854 exterior
1481 5809 1531 5850 non
1552 5795 1630 5846 444444
1645 5791 1744 5858 aliquid
1762 5789 1882 5852 interius,
1920 5791 1989 5842 esset
2006 5785 2133 5850 promissa
2149 5783 2182 5832 Ν
2201 5779 2236 5830 53
2255 5775 2285 5830 3*
2304 5789 2408 5874 -400
2434 5779 2556 5836 operatur

568 5905 594 5956 la
613 5903 706 5968 spirita
725 5901 882 5966 incorporeo
905 5905 992 5964 potest
1016 5897 1111 5950 cadere
1130 5895 1205 5948 dolor
1244 5893 1291 5948 sed
1305 5893 1391 5958 potius
1409 5887 1503 5952 recipit
1514 5883 1656 5938 bonitatem
1670 5881 1703 5932 ali
1723 5877 1836 5932 interiori
1851 5875 1882 5926 Ν
1921 5879 1945 5928 lii
1964 5873 2097 5938 baptismo
2117 5881 2200 5934 aquae
2213 5871 2239 5918 et
2257 5875 2391 5962 sanguinis
2411 5857 2556 5968 secundum

568 5991 601 6046 Ν
630 5991 681 6042 333
710 6003 778 6040 4-
801 5991 912 6056 Spiritus
941 5989 1100 6042 vivaciorem
1129 5983 1206 6040 habet
1246 5981 1296 6034 440
1316 5981 1334 6032 i.
1364 5979 1434 6030 3—
1451 5977 1518 6028 illata
1541 5971 1575 6024 ali
1603 5971 1748 6024 extrinseco
1774 5969 1883 6016 nonest
1921 5969 2000 6016 totam
2024 5963 2162 6018 virtutem,
2182 5953 2229 6004 sed
2253 5965 2338 6016 magis
2363 5957 2387 6045 θ*
2414 5959 2499 5998 mmm
2518 5957 2556 6076 *lei

568 6083 622 6134 vim
642 6077 769 6132 seiitlendi
793 6079 951 6142 passionem,
967 6077 1026 6130 iicet
1050 6063 1137 6128 miuus
1154 6073 1207 6124 lae·
1245 6069 1377 6124 meritoria
1396 6079 1445 6118 iieo
1457 6061 1623 6118 demeritorie
1643 6059 1692 6110 uisi
1710 6057 1737 6106 ili
1756 6057 1883 6120 quantuni
1921 6049 2036 6104 eandum
2062 6043 2250 6106 exlilesslssl'em
2278 6037 2463 6102 professionem
2497 6029 2547 6078 fi‘e

2268 6125 2273 6134 .
2424 6117 2430 6127 ι
2508 6109 2547 6134 *Ι

571 6169 647 6224 datur
668 6179 748 6234 quain
774 6179 872 6232 corpus
890 6167 1012 6232 passione
1035 6163 1146 6218 naturali
1172 6161 1206 6214 Ν
1245 6177 1258 6214 a
1286 6159 1421 6212 voluntate
1452 6155 1603 6216 acceptatur
1631 6145 1673 6196 vel
1703 6143 1836 6206 respuitur
1865 6141 1882 6190 ll
1921 6125 2311 6272 passion{shllissiilsshinai'lggt
2321 6117 2487 6268 487183ζὲηὲἒῖ
2499 6129 2558 6252 ἐξ·

571 6259 616 6312 sai
642 6255 669 6310 a*
1245 6247 1331 6302 8464
1973 6249 2009 6262 ““
2038 6235 2099 6272 ‘fl‘
2143 6303 2148 6314 .
2352 6295 2359 6304 -
2468 6289 2478 6314 .

626 6373 655 6384 ...
675 6349 762 6400 poena
780 6343 910 6408 passionis
930 6345 1036 6406 gravior
1064 6345 1102 6394 est
1128 6353 1207 6406 qaam
1298 6363 1333 6376 -
1351 6339 1391 6386 esi
1409 6327 1555 6390 meritoria,
1569 6337 1601 6464 ἒξ)
1609 6323 1675 6458 ’4444
1686 6313 1884 6456 Ι414144Ξξ48ὲ4444444144
1921 6325 1995 6372 iiam,
2012 6289 2556 6448 Ἓίῗῄᾙιῗὲῖβῗοιξίἓιῑειῧὲοῗιῗὲωί11898

798 6433 803 6444 ·
842 6433 847 6444 ’
954 6449 957 6466 i
1306 6415 1548 6472 ‘luntatebonall
1588 6429 1671 6460 ,4.
1799 6415 1825 6460 fl,
1877 6439 1884 6462 l
1972 6423 2008 6434 -·
2548 6421 2550 6424 “

570 6449 657 6560 melfi
673 6431 1083 6588 {onpffigisffirlltiaefgaeli-das
1102 6489 1211 6580 campas
1245 6439 1284 6580 ἐξ,
1294 6437 1335 6562 W50*
1355 6537 1389 6546 -
1405 6509 1430 6558 ln
1451 6499 1582 6556 tolerantia
1596 6495 1749 6560 passionum
1769 6487 1884 6586 conusistlt
1922 6499 1976 6546 arg.
1999 6483 2022 6532 4.
2039 6479 2088 6574 300
2104 6471 2345 6604 5444434034
2362 6469 2385 6514 1¹¹
2400 6469 2558 6600 Νῑξῑέξὲἒ

569 6613 657 6664 tiendo
674 6613 779 6676 corpori
791 6613 821 6664 lll
842 6609 894 6662 347
912 6607 1092 6660 4*-44444
1113 6607 1209 6670 paliiur
1246 6601 1367 6654 meritum
1388 6595 1560 6662 praecii>uum
1575 6583 1603 6636 Η*
1624 6583 1674 6634 33⁰
1694 6579 1711 6628 s·
1730 6577 1755 6628 3·
1775 6571 1882 6670 3ξὸῗί’,3
1921 6577 1980 6622 sum
2000 6565 2145 6664 asseqnonffi
2166 6559 2410 6690 (ψδωοΐθῑῖΐῃῗῃ
2436 6643 2460 6688 m
2495 6651 2559 6688 pst„

569 6715 600 6754 ex
619 6715 660 6768 se,
679 6703 817 6754 occasione
836 6703 918 6752 sumta
941 6713 970 6750 eii
997 6691 1209 6750 4444444444.-
1244 6673 1550 6740 -maiilmevaletad
1576 6671 1697 6722 meritum
1722 6673 1883 6716 remissionis
1922 6685 1953 6696 -
1977 6655 2251 6706 Allecuouesaniinae
2270 6655 2376 6706 quauoi
2402 6653 2432 6690 sa
2468 6667 2519 6700 „a

569 6791 661 6842 Anima
680 6791 803 6854 allligitur
823 6793 987 6852 incorpore,
1008 6785 1053 6838 sed
1074 6797 1125 6834 non
1145 6781 1209 6832 ocei-
1245 6787 1345 6842 poenae
1364 6763 1587 6824 elsatlsiactionis
1606 6753 1707 6892 44411333
1727 6747 1783 6888 3*Βῑ
1813 6835 1870 6886 Μ
1921 6737 2143 6880 (144ἑ45644ῂ44ἑ4ἒ,
2157 6745 2226 6870 Γ44413
2246 6737 2366 6868 nigidium·
2384 6727 2490 6864 ἑΙξίοοῧ
2492 6739 2559 6850 fjugo

591 6881 640 6908 ¹·
1191 6871 1208 6906 ·.
1297 6861 1404 6900 ...··
1486 6853 1759 6904 essionesiaase
2062 6855 2091 6876 ι’
2333 6843 2558 6878 ‹.‹-‹„..

570 6871 1208 7020 ξῑιὲῑιηῃὲῖῃῃῗὲῗιζῖοξῗεῗορεᾞῑῃὲἓῃιᾞ.
1246 6949 1309 7002 rado
1337 6859 1543 7004 4461703ἃο2444.
1568 6933 1620 6984 733
1643 6931 1659 6980 4.
1681 6927 1695 6978 4
1716 6951 1752 6964 -
1774 6923 1882 6974 llaiilma
1921 6945 1954 6958 -
1973 6925 2066 6966 omnes
2084 6915 2193 6976 possunt
2217 6907 2307 6958 reduci
2327 6903 2360 6956 ad
2389 6905 2508 6954 iiiiioiini
2534 6909 2560 6952 et
