5784 8384
1194 719 1561 788 116611666661116
1584 723 1711 788 RERUM
2384 729 2445 792 161

457 889 486 944 111
505 887 557 942 365
575 885 605 938 3*
623 915 658 924 —·
676 887 790 938 bumana
817 887 965 938 secundnm
993 895 1094 940 rectum
1130 891 1203 956 quod
1223 893 1378 944 adversatur
1398 893 1651 958 volunlatidlvinae,
1669 895 1771 946 estilli-
1808 897 1860 948 licit
1880 897 1913 948 ad
1931 899 2054 948 iustitiam
2075 895 2109 948 ib.
2129 911 2185 960 arg.
2205 899 2230 958 i,
2253 893 2450 960 u‚t*-c0n·

458 977 575 1030 ordinem
605 973 682 1026 debet
705 989 763 1026 esse
791 973 907 1026 subiecta
934 975 1041 1028 divinae
1065 975 1094 1028 lli
1130 977 1404 1028 61111611113681.9
1808 979 1926 1034 formitas
1940 983 2073 1034 6661616116
2092 983 2277 1034 incitanimam
2291 983 2450 1044 16616666·

459 1063 575 1118 33811
600 1089 634 1100 ·-
654 1060 819 1114 Voluntatem
841 1063 982 1114 humanam
998 1063 1096 1114 eontin-
1182 1089 1219 1104 -
1237 1063 1292 1114 rVon
1311 1073 1431 1116 tenemur
1451 1065 1518 1116 velle
1536 1067 1645 1116 volitum
1673 1067 1772 1128 6666,
1809 1067 1986 1128 perexcellens
2005 1069 2065 1118 lacit
2084 1066 2187 1118 beatam
2208 1067 2241 1118 16.
2255 1067 2449 1118 3⁸-cootar·

459 1155 496 1220 git
514 1151 618 1202 divinae
636 1163 684 1214 per
695 1149 784 1200 omnin
798 1149 934 1202 subiecere
948 1157 975 1202 et
986 1147 1095 1202 obedire
1130 1153 1191 1216 qaia
1213 1151 1332 1214 volitum,
1352 1163 1401 1202 nec
1424 1153 1485 1216 quia
1510 1153 1614 1212 scitum,
1638 1151 1683 1202 sed
1709 1151 1772 1216 6616
1809 1153 1874 1202 mari
1896 1153 2022 1204 voluntati
2040 1153 2148 1204 divinae
2165 1163 2205 1204 est
2223 1153 2353 1204 1666116611
2377 1153 2448 1204 1853

459 1241 538 1294 issa
557 1237 572 1290 i.
594 1235 663 1286 l-
682 1235 750 1286 Deus
779 1235 912 1298 restringit
934 1237 1095 1290 voluntatem
1130 1239 1237 1298 scimus,
1256 1251 1314 1290 esse
1333 1235 1773 1302 66616666661166666666
1809 1237 1828 1286 1.
1847 1237 1871 1298 3,
1893 1235 1908 1286 1
1927 1241 2067 1304 -iniqua
2090 1251 2139 1288 non
2160 1245 2244 1300 potest
2270 1253 2327 1290 esse
2350 1239 2451 1290 confor-

459 1323 643 1394 praeeiplendo
662 1323 747 1374 saturn
760 1321 834 1386 6666
849 1319 945 1374 bonum
960 1325 1029 1376 66111
1046 1323 1090 1374 151
1130 1325 1244 1376 velimus
1263 1325 1406 1388 11166ς661
1425 1331 1552 1384 tenemur,
1574 1325 1633 1388 quia
1654 1321 1773 1374 absolute
1810 1325 1860 1374 nris
1880 1323 1984 1374 divinae
2003 1325 2128 1376 voluntati
2153 1323 2184 1376 16.
2206 1325 2222 1376 f.
2240 1325 2256 1374 2
2276 1351 2310 1364 -
2330 1325 2377 1388 Qui
2398 1337 2448 1376 non

461 1413 489 1464 1*
506 1439 541 1450 -
560 1409 710 1460 naturaliter
730 1409 824 1472 ligatur
843 1409 876 1460 ad
895 1411 935 1460 166
948 1411 1063 1462 naturale
1077 1411 1097 1462 ll
1132 1411 1251 1470 volitum,
1271 1409 1316 1460 secl
1337 1421 1493 1460 excusamur
1512 1421 1558 1472 per
1572 1409 1746 1472 ignorantiam
1765 1409 1772 1458 Ι
1811 1409 1869 1460 facit
1888 1411 1960 1474 6666
1979 1411 2047 1460 6666
2066 1411 2121 1462 vult
2135 1423 2184 1462 non
2201 1411 2277 1462 nabet
2290 1411 2386 1460 bonam
2405 1425 2451 1462 vo-

461 1499 505 1550 961
530 1497 621 1560 arga
1132 1497 1183 1548 859
1205 1495 1276 1548 6-
1304 1495 1437 1566 Tenemur
1462 1495 1529 1544 velle
1553 1509 1584 1544 ea
1608 1507 1677 1558 qrrae
1703 1493 1773 1544 Deus
1809 1495 1934 1546 luntatem
1957 1497 2084 1546 118851.
2106 1499 2112 1544 l

511 1583 1098 1646 -1161166166166116616666166616616-
1131 1583 1188 1632 vult
1208 1591 1335 1646 66661661
1354 1583 1379 1630 16
1400 1595 1427 1634 66
1446 1587 1492 1640 est,
1513 1583 1580 1632 cirea
1600 1593 1668 1644 quae
1686 1583 1772 1630 consi·
1863 1605 1899 1618 -
1917 1581 1980 1632 darn
2002 1581 2107 1632 bonitati
2128 1595 2247 1632 summae
2276 1589 2300 1632 ci
2328 1585 2449 1646 aequitati

460 1679 510 1724 tem
531 1670 638 1734 implere
663 1673 701 1720 est
727 1667 867 1730 superbiae
885 1667 904 1718 ll
925 1667 969 1718 151
994 1667 1011 1718 6
1036 1665 1097 1720 Vide
1132 1669 1176 1718 stit
1194 1667 1398 1718 substantialiter
1415 1667 1482 1718 ordo
1505 1667 1604 1730 salutis,
1630 1679 1679 1718 non
1705 1669 1771 1718 circa
1809 1667 1996 1728 conformatur,
2018 1669 2164 1718 necessaria
2183 1667 2337 1718 rectificatur
2359 1667 2410 1718 111
2432 1667 2450 1718 6

464 1757 494 1808 V,
515 1753 677 1808 adementia.
1132 1765 1201 1816 quae
1221 1753 1337 1804 consistit
1353 1753 1485 1816 expeditio
1503 1755 1602 1814 salutis,
1620 1765 1688 1818 quae
1704 1755 1773 1804 Deus
1813 1781 1845 1790 -
1863 1754 2041 1806 conformatur
2060 1767 2181 1804 summae
2201 1753 2316 1816 bonitati,
2335 1767 2395 1802 cum
2415 1753 2450 1804 ad

496 1845 528 1892 32
548 1867 582 1880 -
602 1841 962 1904 666616116661,6616616166
983 1847 1097 1892 nostram
1133 1837 1243 1890 consulit
1262 1839 1568 1904 ¹858b—Praecept0
1588 1847 1707 1890 tenemur
1726 1853 1774 1890 nos
1810 1853 1868 1890 eam
1890 1843 2049 1892 convertitur
2070 1837 2451 1904 diligendor'bid-bominis

461 1929 563 1980 divinae
583 1929 740 1980 conformari
758 1925 1028 1976 616166161661852
1042 1926 1056 1976 1.
1070 1925 1098 1986 3,
1133 1923 1305 1988 conformare,
1326 1925 1388 1990 quia
1409 1925 1477 1976 6666
1494 1925 1551 1976 vnlt
1564 1939 1611 1976 nos
1623 1925 1692 1976 velle
1705 1939 1773 1990 quae
1811 1927 1872 1976 recti
1894 1927 2072 1976 coniormatur
2090 1939 2209 1978 summae
2229 1905 2334 1976 bonaria
2363 1925 2388 1974 in
2413 1925 2451 1976 di·

461 2015 479 2066 6
499 2043 531 2052 -
550 2021 635 2066 nostra
657 2019 741 2078 potest
758 2013 916 2066 conformari
928 2009 1034 2062 divinae
1050 2025 1098 2074 per
1134 2011 1269 2072 praecipit,
1288 2017 1311 2060 et
1332 2013 1392 2076 quia
1413 2013 1463 2062 boe
1480 2013 1580 2062 scimus
1598 2013 1606 2062 1
1625 2013 1675 2064 859
1697 2027 1710 2060 6
1811 2010 1917 2076 ligando
1936 2011 1971 2066 ib.
1989 2027 2014 2076 a,
2032 2011 2049 2064 b

463 2103 570 2152 similem
593 2099 771 2150 habitudinem
792 2099 826 2150 66
845 2106 940 2162 actum,
967 2097 999 2150 ad
1029 2095 1098 2150 oble·
1186 2123 1223 2134 -
1241 2097 1326 2148 llomo
1346 2103 1446 2148 tenetur
1466 2099 1533 2150 valle
1551 2109 1602 2150 non
1622 2099 1708 2150 solum
1727 2099 1773 2148 liei
1862 2123 1899 2138 -
1926 2097 2025 2150 6611166
2053 2099 2111 2148 facit
2145 2101 2302 2150 volumtatem
2336 2107 2449 2150 nostram

461 2183 1098 2250 6166616666661166851666-16
1135 2183 1775 2247 6166666,6666116661666666618536-
1811 2185 2289 2236 6661616166661666116161666111
2318 2185 2367 2234 aaa
2394 2201 2451 2246 arg.

461 2275 583 2325 luntatem
605 2273 720 2324 divinam
747 2281 774 2324 et
801 2273 942 2324 humanam
973 2273 1098 2334 contingit
1135 2275 1223 2320 nostra
1242 2267 1428 2320 conformanda
1456 2279 1494 2320 est
1519 2271 1644 2322 voluntati
1669 2271 1775 2322 divinae
1812 2273 1881 2320 9-
1901 2271 1947 2320 Vir
1967 2273 2049 2324 iustus
2068 2273 2244 2322 conformatur
2260 2285 2306 2334 per
2319 2273 2451 2324 6611161616

461 2357 1100 2422 6611616661611611666666116185113-
1135 2369 1185 2404 666
1218 2357 1302 2418 primo
1331 2363 1356 2406 ei
1385 2367 1431 2416 per
1459 2369 1486 2406 se
1510 2361 1630 2418 respectu
1655 2357 1774 2408 omnium
1811 2357 2051 2408 voluntatldivlnne
2065 2359 2126 2406 etei
2141 2357 2264 2408 66666161
2276 2357 2450 2420 1666166666]

462 2443 633 2498 Conformitas
653 2445 794 2496 voluntatis
812 2455 915 2496 nostrae
928 2445 962 2494 ad
980 2445 1098 2496 divinam
1133 2455 1245 2506 opernm
1266 2450 1291 2492 et
1308 2453 1540 2506 quorumcumque
1558 2441 1722 2492 subiectorum
1747 2443 1775 2493 lll
1812 2443 1889 2494 alicui
1908 2443 1950 2492 aiii
1970 2445 1976 2492 l
1997 2443 2048 2492 516
2069 2441 2087 2492 b
2103 2441 2241 2492 -161166
2255 2447 2452 2506 putestconfor·

463 2531 601 2582 aitenditur
626 2531 773 2582 seeundum
799 2531 995 2594 proportionem
1028 2531 1098 2594 large
1134 2529 1185 2578 693
1210 2527 1236 2576 1*
1813 2543 1884 2580 mare
1904 2530 2063 2580 voluntatem
2084 2543 2158 2578 snam
2178 2529 2281 2580 divinae
2301 2531 2327 2580 in
2352 2533 2451 2582 ratione

464 2615 658 2668 6161616166.
679 2615 762 2666 8516
791 2623 932 2668 -nostra
962 2631 1011 2668 nan
1040 2629 1099 2668 con·
1187 2639 1224 2654 -
1241 2615 1314 2678 Qtiae
1341 2615 1478 2666 innotescit
1502 2613 1584 2664 Deum
1609 2615 1676 2664 velle
1701 2613 1776 2664 abso·
1812 2613 2358 2678 6616661,61616666616661616611855
2387 2617 2403 2666 f.
2426 2619 2451 2678 3,

464 2705 670 2756 formatureum
688 2705 821 2756 volontate
836 2703 923 2754 divina
936 2717 966 2754 se
980 2705 1035 2768 ipsa
1050 2705 1098 2752 nisi
1134 2699 1195 2762 lule,
1216 2699 1260 2752 sed
1282 2703 1433 2764 oppositum
1454 2699 1530 2762 velle,
1550 2705 1677 2766 66661661
1697 2701 1723 2750 16
1747 2713 1776 2750 66
1812 2713 1869 2762 arg.
1894 2699 1907 2750 1
1925 2727 1961 2738 -
1988 2709 2075 2750 nostra
2105 2713 2155 2750 non
2182 2707 2266 2762 potest
2292 2703 2451 2752 conformari

464 2791 667 2842 conformatione
696 2789 841 2854 longinqua
872 2791 1005 2854 imaginis,
1040 2789 1099 2840 ideo
1134 2795 1181 2850 est,
1208 2795 1328 2840 tenemur
1355 2787 1422 2838 velle
1447 2785 1581 2838 voluntate
1607 2785 1726 2838 absoluta
1751 2795 1776 2838 et
1812 2787 1937 2838 voluntati
1958 2787 2063 2838 divinae
2082 2787 2181 2852 absque
2201 2789 2305 2838 6611616
2326 2789 2342 2838 11
2366 2789 2451 2840 8866

463 2884 548 2940 661661
565 2875 717 2928 discordare
734 2875 768 2926 ab
788 2875 826 2926 illa
849 2877 856 2926 l
875 2877 927 2926 859
945 2875 976 2926 3*
1135 2873 1304 2924 deliberativa
1325 2873 1334 2924 l
1354 2873 1405 2924 858
1425 2873 1443 2924 6
1462 2899 1495 2912 -
1516 2873 1629 2936 Quilibet
1648 2873 1730 2924 166166
1743 2873 1776 2924 66
1867 2899 1903 2910 -
1922 2879 2022 2938 natanto
2034 2875 2119 2936 piosa
2138 2875 2300 2938 Deorecipit,
2318 2877 2452 2926 16616666

515 2969 655 3014 -nostra
675 2975 735 3014 curn
754 2963 844 3014 divina
863 2975 915 3014 non
929 2975 957 3012 se
972 2965 1026 3026 ipsa
1041 2975 1101 3014 con·
1135 2973 1163 3010 se
1181 2967 1209 3010 et
1227 2959 1260 3010 de
1280 2961 1329 3010 6116
1349 2957 1777 3024 6666166116,666666616666·
1814 2961 1922 3010 similior
1942 2969 1980 3012 est
1998 2961 2016 3010 11
2037 2959 2085 3008 831
2107 2959 2124 3008 l.
2147 2959 2160 3008 1

464 3047 603 3114 formatur,
621 3049 668 3100 666
688 3063 736 3112 pet·
760 3051 983 3112 comparationem
1007 3049 1041 3100 ad
1065 3049 1100 3098 al·
1135 3059 1198 3098 cans
1219 3047 1328 3098 linallter
1355 3047 1518 3098 aeternaliter
1543 3047 1665 3108 puniatur
1690 3047 1698 3098 l
1724 3047 1776 3098 866
1868 3045 2453 3114 -666161611166611661666611666661,6666·

464 3141 556 3200 161661,
574 3137 648 3202 6666
668 3141 752 3186 tamen
776 3145 918 3200 66666661
936 3137 971 3188 de
989 3139 1098 3188 essentia
1135 3135 1192 3186 dl
1226 3161 1262 3172 -
1290 3137 1412 3186 Peccator
1430 3133 1509 3186 debet
1529 3135 1596 3184 velle
1614 3135 1710 3200 puniri,
1728 3133 1775 3186 666
1814 3137 1848 3188 66
1868 3135 1988 3188 voluntas
2010 3137 2121 3184 bumana
2150 3135 2173 3184 ln
2201 3133 2323 3186 amnibus
2346 3135 2451 3186 divinae

463 3221 566 3272 divinae
586 3221 726 3274 voluntatis
744 3237 793 3274 nee
810 3225 955 3286 66616666,
976 3237 1023 3274 666
1049 3229 1101 3274 tan·
1136 3235 1216 3272 riona
1231 3221 1777 3286 66666666666166166166166666161-
1814 3225 1992 3274 conlormaiur
2013 3229 2037 3272 et
2055 3235 2086 3272 ex
2106 3222 2172 3272 nulla
2189 3231 2262 3286 parte
2275 3231 2313 3274 est
2326 3221 2453 3274 61661666

465 3323 544 3374 quam
563 3311 667 3362 tertium
687 3311 870 3376 participatum
896 3311 929 3362 ab
956 3317 1065 3376 utroque
1093 3311 1101 3362 l
1136 3311 1238 3372 pliciter·
1256 3305 1320 3360 ibid.
1814 3311 1821 3360 l
1844 3309 1943 3362 8513*
1962 3335 1996 3350 ·-
2017 3311 2040 3360 in
2062 3311 2144 3370 661116
2163 3311 2211 3360 erit
2228 3311 2370 3362 conformis
2390 3311 2453 3362 divi·

466 3395 514 3446 853
534 3395 562 3446 3*
586 3395 648 3448 Vide
672 3397 699 3448 V.
720 3395 912 3464 conformibus.
1188 3421 1225 3434 ·-
1244 3395 1382 3447 Voluntate
1403 3397 1503 3458 pietatis
1523 3395 1730 3446 conditionaliter
1752 3407 1778 3446 et
1815 3411 1862 3446 nae
1883 3399 1907 3448 16
1927 3395 2050 3448 omnibus
2070 3395 2131 3448 ibid.
2152 3397 2202 3446 858
2221 3413 2233 3446 n
2261 3425 2295 3436 --
2322 3403 2406 3446 nostra
2426 3401 2452 3446 in

516 3509 552 3522 -
573 3481 747 3536 Crialormltas
766 3485 929 3536 voluntatum
956 3485 1100 3536 attenditur
1136 3489 1263 3548 quantam
1286 3485 1308 3532 in
1331 3481 1778 3546 nabisest‚possumusnonvelle
1815 3485 1898 3548 gloria
1918 3485 2032 3546 pemeria
2050 3481 2259 3534 conformabitur
2277 3485 2401 3534 voluntati
2414 3485 2454 3534 (11-

464 3569 609 3620 secundum
631 3571 860 3634 assimilationem,
884 3571 925 3620 vel
952 3569 1099 3620 seeundum
1136 3585 1206 3636 6666
1226 3569 1294 3620 6666
1313 3571 1369 3622 vnlt
1382 3567 1508 3632 absolute,
1523 3569 1569 3620 666
1584 3583 1634 3620 666
1649 3575 1776 3634 66661661
1815 3569 1938 3620 61666111
1961 3567 2058 3622 6919*

464 3653 1101 3720 666166116666116616161113691*,1*-666116
1137 3657 1365 3708 1666661858
1395 3655 1420 3706 6.
1439 3657 1489 3708 859
1518 3655 1553 3706 l'.
1574 3657 1624 3706 866
1652 3657 1677 3706 d.
1706 3657 1715 3704 1
1744 3683 1776 3692 -
1850 3655 1884 3706 33
1904 3683 1939 3694 -
1958 3665 1995 3708 661
2017 3655 2132 3706 medinm
2159 3659 2262 3708 unionis
2284 3667 2345 3706 curn
2372 3657 2452 3708 6661

465 3745 642 3796 conformitate
662 3743 837 3794 similitudinis
849 3745 1027 3794 conlormatur
1040 3755 1099 3794 curn
1137 3741 1301 3794 Contrarium
1322 3745 1378 3794 ulus
1399 3743 1470 3808 6666
1488 3743 1557 3794 6666
1577 3741 1695 3794 66661616
1715 3743 1779 3802 6611,
1817 3743 1850 3792 15
1868 3743 1895 3794 6.
1919 3743 1948 3794 16
1969 3769 2002 3779 —
2023 3743 2171 3794 immediate
2192 3743 2454 3794 66116166611559

465 3829 552 3882 divina
571 3829 701 3880 mediante
722 3831 812 3894 gratia,
827 3843 894 3896 quae
908 3835 946 3880 est
960 3829 1101 3880 similitudo
1138 3827 1196 3878 licet
1216 3827 1283 3878 velle
1300 3829 1432 3878 voluntate
1446 3831 1554 3890 pietatis,
1570 3843 1620 3878 non
1635 3837 1722 3878 tamen
1734 3841 1779 3880 vo·
1816 3841 1870 3890 arg.
1892 3831 1915 3878 8.
1937 3831 1964 3880 lll
1983 3829 2034 3880 597
2054 3843 2115 3878 a-
2134 3829 2248 3878 1111116166
2261 3831 2313 3880 Deo
2331 3827 2456 3878 adtineret

465 3915 677 3970 6116618563*
1139 3915 1236 3966 1661616
1254 3913 1372 3964 66661616
1394 3915 1469 3964 1861
1499 3915 1527 3966 6.
1548 3913 1564 3964 1
1589 3941 1623 3950 -
1649 3915 1674 3965 81
1700 3917 1779 3966 66616
1818 3917 1835 3966 ll
1854 3917 1907 3966 559
1926 3929 1983 3980 arg.
2004 3917 2019 3964 8
2037 3941 2073 3952 -·
2091 3915 2189 3968 Caritas
2208 3917 2340 3966 continuat
2363 3917 2453 3966 vulun-

517 4029 552 4042 -
569 4003 741 4056 Conlormitas
760 4005 923 4056 voluntatum
943 4005 1058 4054 consistit
1076 4005 1102 4052 in
1139 4001 1226 4064 sciret,
1258 4001 1360 4064 aliquos
1389 4013 1446 4052 esse
1476 4001 1625 4062 praescitos,
1657 4001 1780 4064 quamvis
1817 4007 1896 4052 tatem
1916 4009 2031 4054 nostram
2051 4001 2105 4052 Deo
2131 4009 2158 4052 ut
2186 4003 2313 4064 principio
2339 4003 2453 4052 moventi

465 4089 998 4160 661116611616116666616661111358
1027 4087 1104 4140 b—
1140 4089 1311 4154 6666161616
1333 4093 1426 4150 66661,
1448 4085 1618 4138 6666161666
1643 4085 1710 4140 velle
1733 4087 1782 4136 sal·
1817 4095 1842 4140 et
1859 4089 2005 4140 conlnrmat
2023 4097 2051 4138 ut
2070 4089 2175 4150 regulae
2196 4087 2317 4150 dirigenti
2330 4095 2354 4136 et
2373 4087 2456 4150 iungit

465 4175 635 4232 Corrforrnitas
655 4175 801 4228 secundum
819 4177 1044 4238 comparationem
1068 4175 1102 4226 ad
1142 4173 1672 4238 1666666666661116161666661616
1701 4175 1775 4226 isat
1819 4175 2052 4238 61661661616611
2074 4173 2162 4224 11885
2183 4173 2211 4222 6*

466 4275 551 4316 aetum
570 4265 687 4316 consistit
705 4265 730 4314 16
749 4265 808 4326 boc,
830 4263 902 4328 6666
916 4265 975 4328 61116
992 4263 1054 4314 velit
1071 4275 1104 4312 ex
1142 4259 1170 4310 3*
1187 4285 1224 4298 -
1241 4267 1310 4312 16616
1339 4265 1423 4324 661661
1450 4261 1518 4312 velle
1544 4263 1695 4324 oppositum
1724 4261 1781 4310 elus
1868 4261 1950 4310 -la
1970 4261 2045 4312 nobis
2071 4261 2179 4312 distata
2201 4259 2259 4322 666,
2285 4259 2343 4310 1666
2363 4267 2401 4310 est
2420 4261 2457 4310 ln·

377 4371 381 4378 ⁴
467 4353 569 4404 caritate
589 4361 614 4404 et
632 4349 771 4402 liberaliter
785 4351 840 4400 sive
854 4351 920 4400 iuste
932 4355 958 4400 et
969 4349 1104 4400 rectollne.
1141 4347 1383 4414 666666666611,
1405 4347 1522 4400 666666
1546 4349 1698 4412 oppositum
1724 4349 1782 4400 eius
1819 4347 2457 4412 61666617996-1666166161666611666-

466 4437 475 4490 l
494 4437 578 4490 8516
598 4451 637 4504 66.
1142 4435 1214 4500 6666
1233 4435 1302 4486 6666
1321 4437 1377 4486 vult
1399 4449 1445 4486 nos
1465 4435 1531 4488 velle
1549 4435 1557 4484 l
1576 4435 1625 4486 859
1642 4433 1668 4486 1*
1682 4435 1781 4496 -pie-
1818 4435 1855 4486 dit
1881 4437 1943 4498 iuga
1962 4441 1986 4486 et
2006 4437 2137 4498 appetitus
2156 4443 2181 4484 et
2201 4435 2308 4496 tristitia,
2330 4435 2391 4498 6616
2415 4439 2455 4484 661

517 4553 553 4564 --
570 4525 610 4576 nd
623 4523 832 4576 conformitatem
848 4523 987 4574 voluntatis
998 4529 1104 4574 nostrae
1142 4523 1199 4574 tatis
1226 4523 1317 4574 volens
1346 4523 1496 4586 oppositum
1526 4523 1584 4574 eius
1610 4521 1681 4586 6666
1713 4523 1781 4574 6666
1817 4523 1938 4586 indigens
1958 4519 2018 4574 ibid.
2037 4549 2073 4558 -
2092 4529 2193 4584 nostra,
2213 4523 2232 4572 si
2264 4521 2350 4572 unitur
2369 4523 2456 4586 alteri,

466 4617 491 4664 et
509 4613 613 4664 divinae
632 4625 683 4662 non
703 4613 799 4662 suflicit
816 4611 984 4662 conformitas
1011 4613 1038 4660 in
1056 4623 1105 4660 vo·
1142 4609 1205 4670 vnit,
1226 4613 1340 4660 meretur
1357 4605 1419 4662 inid.
1818 4609 1857 4660 vel
1879 4607 1928 4660 sibi
1949 4609 2012 4672 ipsi,
2032 4617 2072 4658 est
2090 4609 2212 4672 indigens
2231 4609 2238 4658 1
2261 4607 2292 4658 11
2312 4609 2340 4658 d.
2366 4607 2395 4658 19

428 4711 429 4714 ’
467 4699 509 4750 1116
530 4711 575 4750 666
596 4699 762 4748 conformitas
788 4699 811 4748 in
832 4697 984 4760 operatione
1001 4697 1058 4746 sive
1077 4697 1104 4746 in
1193 4723 1229 4734 -·-
1247 4695 1422 4748 Conlormitas
1440 4697 1467 4747 in
1485 4697 1585 4748 ratione
1604 4695 1709 4746 volendi
1733 4703 1781 4758 661,
1868 4721 1905 4734 -
1923 4695 2235 4748 11111116616611661661611
2257 4697 2385 4744 numanae
2405 4695 2453 4744 nisi

466 4767 1105 4850 66616666161618566-66616661166661-
1142 4781 1248 4848 quando
1268 4781 1388 4834 diversae.
1416 4783 1561 4834 voluntates
1590 4781 1659 4832 idem
1685 4781 1781 4832 eodem
1817 4781 2456 4844 6616111611661188813-6666111666616166

467 4871 612 4924 ficiensest
632 4873 659 4922 16
684 4871 765 4922 volito
791 4877 815 4922 el
842 4871 939 4922 ratione
965 4869 1068 4920 volendi
1097 4871 1105 4920 l
1143 4871 1342 4934 maderolum,
1361 4871 1402 4922 vel
1421 4871 1499 4922 altera
1520 4881 1611 4920 aarum
1637 4869 1692 4922 vult
1718 4869 1781 4920 illud
1819 4871 2349 4932 6666616161·6166161661666166616
2379 4883 2457 4932 appe·

467 4959 516 5012 851
537 4957 573 5022 3*,
595 4957 622 5010 1*
640 4983 676 4996 -
693 4957 732 5010 66
750 4959 902 5010 necessitate
920 4955 1106 5008 conformitatis
1142 4955 1235 5008 eodem
1255 4957 1344 5020 modo,
1362 4971 1417 5022 666
1435 4957 1695 5020 superior-volimus
1716 4957 1782 5006 velle
1819 4955 1892 5020 116111,
1907 4955 2185 5006 66616611616161·111
2206 4953 2455 5008 Ι1*11166111161616

467 5051 504 5098 661
523 5045 702 5096 convenientia
723 5045 747 5096 16
767 5043 849 5096 modo
867 5043 981 5106 volendi,
1002 5043 1104 5096 confor·
1143 5045 1169 5096 111
1190 5045 1240 5096 368
1261 5045 1287 5096 6.
1306 5045 1358 5096 369
1376 5043 1406 5096 6*
1423 5069 1460 5082 —
1478 5049 1588 5108 possunt
1605 5057 1662 5094 esse
1681 5045 1782 5094 666161-
1817 5041 1902 5096 -6666
1919 5041 1958 5094 66
1975 5043 2068 5096 Deam.
2083 5069 2116 5082 ·-
2130 5043 2305 5094 discordando
2325 5057 2454 5092 asumma

468 5135 543 5184 milas
559 5135 585 5182 in
606 5133 686 5182 volita
712 5131 853 5196 aliquando
877 5141 917 5182 est
934 5129 968 5182 de
992 5131 1106 5182 necessi·
1143 5129 1782 5194 1666661666666166116661,661666166166
1819 5129 1931 5180 bonitate
1951 5145 2033 5192 egena
2059 5133 2158 5190 edeam,
2187 5141 2322 5194 nunqnam
2348 5131 2455 5180 satiatur

468 5223 527 5282 tale,
546 5219 686 5284 aliquando
713 5219 744 5270 66
763 5219 936 5282 congruitate,
965 5217 1105 5282 aliquande
1142 5219 1261 5282 superior
1282 5231 1332 5268 non
1355 5219 1424 5282 vuli,
1445 5217 1593 5268 inferiorern
1618 5215 1683 5266 velle
1710 5215 1780 5282 6666
1819 5217 1936 5280 pecuniis
1957 5231 2003 5268 nee
2022 5217 2200 5280 vuluptatibus
2219 5217 2235 5266 ll
2256 5217 2272 5266 5
2291 5215 2308 5264 b
2328 5231 2366 5280 66.

467 5311 569 5370 praeter
599 5305 777 5356 necessilatem
805 5315 831 5356 et
858 5303 1048 5368 congruitatem
1077 5305 1106 5356 111
1143 5307 1197 5368 ipsa
1218 5305 1282 5370 vult,
1302 5305 1348 5356 sed
1368 5305 1454 5368 magis
1473 5303 1539 5354 velie
1567 5303 1727 5354 contrarium
1754 5305 1779 5354 111
1870 5331 1904 5340 -
1923 5303 1949 5355 16
1970 5303 2049 5368 gloria
2071 5307 2168 5354 erimus
2192 5305 2385 5368 omnipotentes
2409 5315 2454 5354 vo·

405 5455 406 5458 Ἴ
469 5391 730 5456 auen-Propter
743 5390 951 5442 conformitatem
965 5391 1105 5442 voluntatis
1142 5393 1192 5442 368
1216 5393 1239 5442 b.
1259 5393 1308 5444 369
1329 5389 1357 5442 3*
1377 5417 1412 5428 -·
1435 5389 1566 5444 Abrabam
1591 5403 1618 5440 66
1638 5391 1782 5442 conforma·
1817 5391 2452 5454 1661611666616161116-666166616166

469 5479 492 5528 16
506 5479 605 5528 ratione
618 5477 723 5528 volendi
735 5477 884 5540 obligantur
898 5477 930 5528 ad
942 5477 1107 5528 conformita-
1142 5481 1179 5528 vit
1199 5479 1323 5531 voluntati
1346 5479 1399 5540 661,
1418 5489 1478 5528 cum
1508 5478 1590 5529 voluit
1613 5477 1685 5542 quod
1712 5477 1782 5528 Deus
1818 5484 1904 5528 arctum
1924 5481 2071 5542 proprium,
2093 5479 2135 5530 vel
2153 5479 2267 5528 alienum
2287 5477 2319 5528 lV
2348 5477 2399 5528 918
2430 5477 2454 5526 t·

470 5569 520 5614 tem
535 5563 768 5616 1666111618551.
784 5563 846 5616 i-
860 5565 993 5616 Tenemur
1005 5565 1106 5616 confor-
1142 5567 1299 5634 praecepitl
1319 5563 1370 5616 818
1391 5565 1416 5616 d.
1436 5563 1452 5614 5
1824 5561 1884 5616 Vide
1907 5563 1934 5614 V.
1956 5567 2036 5618 Beati.

468 5651 712 5702 marevoluntatem
728 5657 843 5702 nostram
857 5651 981 5702 voluntati
1000 5651 1105 5702 divinae
1192 5679 1228 5690 ·-
1246 5655 1358 5704 tolerans
1376 5651 1431 5702 Dea
1451 5665 1478 5702 se
1497 5651 1652 5714 conformat,
1672 5665 1732 5702 cunr
1748 5659 1781 5704 tn·
1871 5651 2000 5704 Voturrrs
2017 5679 2052 5690 -
2072 5667 2174 5704 sumina
2194 5661 2232 5704 est
2246 5655 2271 5704 in
2289 5655 2420 5706 voluntate
2447 5655 2454 5704 i

469 5737 493 5786 in
513 5737 612 5788 ratione
629 5737 744 5798 volendi,
764 5735 810 5786 scd
830 5751 880 5788 non
902 5739 926 5786 in
945 5739 1017 5788 omni
1045 5747 1103 5788 actu
1143 5753 1202 5790 men
1222 5739 1296 5790 liceat
1314 5739 1415 5804 aliquid
1443 5739 1491 5790 6161
1523 5739 1678 5804 desiderare,
1710 5741 1781 5804 6666
1817 5739 1868 5790 798
1890 5739 1990 5804 6161.
2013 5741 2064 5792 799
2085 5757 2097 5790 6
2122 5741 2184 5792 Vide
2209 5741 2235 5792 V.
2265 5741 2454 5808 Concrrpiscibi·

468 5819 501 5874 ii.
521 5821 539 5872 b
557 5837 600 5888 sq.
619 5819 682 5874 Vide
695 5823 726 5874 V.
746 5819 1106 5890 uariare-praeceperan—
1142 5825 1254 5876 616666
1274 5827 1357 5890 vellet,
1376 5829 1461 5890 ipsam
1481 5827 1587 5890 babere,
1607 5831 1733 5890 66661661
1755 5827 1780 5876 16
1819 5825 1858 5878 lie.
1883 5853 1918 5865 -
1946 5825 2159 5892 Concupiscentia
2186 5843 2320 5894 nonquam
2348 5833 2455 5880 satiatur

469 5907 606 5972 Nunquam
625 5909 684 5960 licei
701 5909 768 5960 velle
794 5908 865 5972 6666
892 5909 962 5960 6666
986 5909 1050 5972 vult,
1074 5923 1105 5960 ev
1142 5911 1387 5964 6666115116
1818 5915 1996 5978 voluptatibus
2023 5917 2040 5966 ll
2067 5917 2115 5966 66
2139 5945 2169 5954 -
2191 5919 2285 5968 1661661
2311 5919 2455 5968 voluntates

468 5993 573 6044 libidine
595 5993 705 6044 18566
1194 5999 1298 6050 -661
1317 6009 1418 6052 rectum
1445 6001 1606 6052 voluntatem
1632 6015 1708 6052 66661
1736 6015 1782 6054 vo·
1818 6001 1866 6052 sibi
1886 6001 1998 6052 invicem
2019 6015 2168 6066 repugnare
2188 6005 2314 6056 118881.
2338 6007 2343 6052 i

520 6081 625 6132 -1166
640 6089 758 6132 tenemur
772 6081 839 6132 velle
852 6095 937 6144 omne,
951 6083 1023 6146 6666
1038 6083 1107 6134 6666
1143 6083 1232 6137 1661611
1251 6087 1355 6138 divinae
1374 6087 1521 6138 conformat
1545 6089 1551 6138 l
1581 6085 1632 6136 853
1658 6089 1674 6138 f.
1695 6089 1719 6138 l.
1748 6089 1781 6138 lV
1869 6089 1977 6140 Venena
1998 6115 2031 6124 -
2050 6089 2087 6138 De
2105 6097 2227 6140 vomente
2246 6093 2346 6152 spectes
2366 6105 2454 6144 consc-

468 6167 532 6230 vult,
546 6167 592 6218 sed
606 6179 692 6230 omne,
707 6167 780 6230 6666
791 6167 1105 6220 66616166616661166616
1144 6171 1189 6222 511
1215 6173 1300 6234 arg.l
1330 6171 1393 6224 Vide
1417 6173 1446 6222 V.
1475 6173 1672 6226 Aninio-recto
1700 6181 1725 6224 ei
1753 6173 1781 6224 V.
1818 6181 1902 6224 craias
1920 6175 1953 6224 lV
1973 6175 2019 6224 3il
2044 6173 2060 6224 b

468 6253 1011 6318 16116161661616666616166166661661
1034 6257 1056 6306 in
1078 6271 1106 6308 se
1145 6257 1228 6308 Homo
1247 6257 1401 6310 8.—Soli
1421 6255 1480 6308 boni
1500 6258 1598 6309 babent
1619 6259 1781 6310 voluntatem
1871 6261 2454 6331 116166-661166116616666166666666

468 6347 514 6402 est,
535 6349 654 6390 tenemur
672 6339 740 6388 velle
758 6339 911 6402 simpliciter
937 6347 963 6390 ei
987 6341 1106 6392 absoluta
1144 6341 1451 6394 6661611666116566,
1475 6343 1481 6390 1
1514 6371 1548 6380 -
1576 6343 1631 6392 Non
1661 6343 1687 6392 111
1716 6347 1781 6394 iuste
1818 6359 1878 6394 curn
1898 6343 2084 6396 deliberatione
2103 6347 2203 6398 ilintate
2223 6351 2256 6400 lV
2276 6353 2328 6406 815
2346 6369 2403 6420 arg.
2434 6359 2455 6408 1.

468 6425 896 6488 161661616666616611666616
920 6435 960 6476 est
984 6427 991 6476 l
1019 6425 1107 6478 8586
1145 6431 1191 6480 6161
1213 6429 1284 6492 6666
1303 6431 1383 6480 bomo
1404 6431 1462 6478 16611
1479 6427 1624 6478 secundum
1646 6431 1782 6478 conformi·
1818 6431 1868 6478 816
1890 6431 1906 6480 1.
1925 6431 1951 6482 2.
1970 6431 2020 6480 818
2045 6443 2100 6492 arg.
2134 6433 2205 6482 l-
2229 6445 2454 6506 6516606066,ῃῖ

468 6513 546 6562 -ln
566 6511 697 6572 omnibus,
728 6527 796 6576 6666
813 6513 912 6562 scimus
937 6511 1020 6562 Deum
1040 6513 1107 6562 velle
1145 6521 1223 6566 tatem
1241 6514 1382 6566 voluntatis
1402 6517 1527 6576 66661661
1546 6513 1580 6562 ad
1594 6515 1719 6564 rationem
1736 6527 1781 6564 vo·
1818 6515 1989 6566 rlcliberatum
2014 6515 2144 6570 66661616
2176 6537 2223 6584 per
2253 6531 2454 6588 promissionem

468 6595 594 6660 absolute,
615 6605 735 6650 tenemur
753 6599 886 6650 voluntate
905 6597 1024 6648 absoluta
1037 6597 1107 6646 idem
1145 6597 1214 6648 leudi
1234 6599 1306 6648 1855
1327 6599 1344 6648 f.
1366 6599 1372 6644 1
1397 6623 1431 6634 -
1445 6595 1616 6648 conformitas
1635 6597 1780 6648 6661166616
1819 6599 1850 6648 11*
1870 6599 1920 6650 815
1945 6599 1977 6650 1*.
1997 6601 2048 6650 819
2071 6599 2097 6650 -V
2115 6629 2151 6644 ·-
2169 6617 2208 6658 est
2233 6623 2374 6674 spontanea
2397 6635 2454 6684 pro.

467 6683 535 6734 velle
554 6687 560 6736 1
581 6687 632 6734 866
653 6687 677 6736 d.
699 6685 828 6734 l--llon
850 6683 1108 6734 licetvoluntatera·
1147 6685 1341 6748 proportionem
1360 6683 1394 6730 ad
1414 6689 1499 6732 actum
1520 6689 1543 6732 et
1562 6679 1694 6734 obiectum
1723 6685 1782 6734 farcit
1820 6687 1908 6734 missio
1927 6687 2040 6736 melioris
2060 6687 2129 6744 boni,
2150 6695 2336 6754 deliberatione
2354 6717 2379 6758 ct
2393 6709 2454 6760 obii·

469 6773 679 6824 tionisabsolntn
701 6767 1107 6830 66116666661166161666666
1145 6766 1303 6818 voluntatem
1334 6769 1427 6818 iustam
1460 6769 1467 6816 l
1493 6765 1545 6818 851
1572 6767 1589 6816 6
1612 6793 1648 6802 -
1677 6767 1782 6820 Confor·
1820 6773 1920 6832 gratiane
1941 6773 2039 6822 firmata
2062 6773 2092 6824 ll'
2117 6779 2163 6830 iae,
2183 6797 2197 6830 ί,
2222 6813 2258 6824 .,
2276 6801 2315 6842 05,
2339 6799 2455 6848 testifica,

470 6853 1107 6914 666666661616161118616.1-06166,
1147 6849 1706 6904 61166666666661161116661661661666
1732 6857 1782 6904 suf·
1819 6857 1853 6906 tio
1872 6859 2003 6920 66666166
2018 6863 2197 6920 promissionis
2210 6885 2454 6952 sponmneflffiqfflffi

575 6979 676 7034 indices
693 6981 723 7034 in
740 6983 803 7032 tunt.
823 6977 893 7028 f·lV.
914 6971 980 7040 666.
1001 6971 1030 7026 S.
1049 6971 1148 7022 66666.

2313 7007 2342 7058 ai
