5792 8392
455 591 519 658 338
1286 589 1401 656 lNDEli
1426 589 1617 658 SECUNDUS

741 677 796 730 000
2095 683 2155 734 000

455 755 585 834 quaedam
598 765 697 818 hahent
708 767 852 832 appetitum
865 769 890 818 et
902 767 1095 818 inclinationem
1136 779 1190 818 000
1208 773 1248 818 est
1265 765 1401 818 ordinatus
1421 765 1454 818 ad
1473 767 1587 830 aliquam
1604 767 1740 820 utilitatem
1752 767 1780 818 lll
1819 767 1836 818 0.
1857 769 1881 834 3,
1902 783 1957 836 arg.
1980 771 2091 822 3.1008
2112 771 2128 822 0.
2149 771 2175 824 5.
2203 771 2271 824 1000
2300 769 2328 824 3*
2357 801 2391 812 --
2419 779 2457 826 est

454 855 485 906 ad
506 855 615 908 alterum
638 863 786 920 separatum
808 851 840 906 10
862 851 912 906 aot
934 851 961 906 6*
1136 855 1184 906 831
1199 853 1224 908 d.
1241 857 1256 908 0
1274 851 1337 906 Vide
1355 851 1384 904 V.
1397 851 1524 908 Falerios.
1541 857 1696 908 -exterior
1709 855 1779 908 idem
1818 853 2023 922 poenapeccati
2044 861 2208 912 etcouveuit
2237 859 2320 912 solum
2351 867 2457 914 naturae

506 971 540 982 -
562 957 611 994 non
632 947 670 996 est
690 945 714 994 in
734 941 831 994 divinis
849 941 857 992 l
880 941 966 994 0050
1136 947 1218 1008 potest
1233 941 1327 996 obesse
1339 947 1366 994 et
1378 941 1504 1006 prodesse
1522 941 1552 994 lll
1572 941 1620 992 851
1643 941 1674 994 0*
1817 941 1906 1006 lapsae
1927 947 1943 996 ll
1965 947 2034 998 1008
2054 947 2124 998 b-
2147 949 2235 1000 omnis
2260 955 2302 1000 est
2327 961 2413 1012 poena
2436 951 2455 1000 ll

506 1055 540 1068 -
561 1031 699 1084 Peccatum
716 1031 822 1094 elongat
839 1043 852 1082 a
875 1031 930 1082 lieo
949 1029 1095 1082 secundum
1189 1057 1224 1072 -
1244 1031 1358 1094 otiosus,
1378 1043 1412 1082 00
1428 1043 1480 1096 quo
1496 1031 1579 1082 nullus
1593 1033 1711 1098 sequitur
1726 1031 1779 1082 000·
1818 1031 1886 1082 1005
1906 1031 1923 1082 i.
1943 1031 1958 1084 0
1978 1061 2012 1072 -
2032 1049 2132 1100 000000
2152 1049 2202 1088 000
2223 1043 2304 1102 00000,
2318 1037 2367 1088 nlsl
2380 1051 2457 1102 prae-

455 1115 1096 1172 61000000000000000103003-0100000-
1136 1117 1534 1184 0100,00100000018300.
1556 1117 1778 1170 0-00010000-
1817 1119 1937 1172 cessisset
1954 1123 2067 1176 servitus
2086 1125 2180 1190 culpae
2197 1125 2216 1176 11
2238 1123 2456 1178 totta-con-

456 1205 570 1258 tenditur
588 1209 614 1256 in
635 1207 798 1272 elongatione
818 1205 963 1260 secundum
984 1205 1098 1258 00000001-
1136 1221 1203 1272 guae
1222 1219 1274 1260 uon
1295 1211 1380 1270 potest
1398 1205 1540 1272 ponderari
1559 1205 1666 1258 faciliter
1684 1205 1777 1258 111806
1817 1205 1923 1258 ditionis
1940 1211 2058 1274 sequitur
2075 1215 2230 1266 servitutem
2243 1213 2343 1278 peccati
2355 1219 2379 1264 et
2393 1227 2456 1278 poe-

458 1295 602 1360 0000οη000,
623 1309 691 1362 quae
709 1303 750 1350 est
768 1297 850 1346 maior
878 1295 919 1346 vel
951 1295 1034 1346 minor
1064 1293 1096 1346 IV
1136 1309 1203 1346 a·-
1222 1297 1312 1346 noster
1330 1293 1492 1346 dubietatem
1511 1295 1590 1346 habet
1609 1295 1635 1346 111
1655 1295 1701 1346 881
1722 1295 1771 1346 dt
1816 1307 1865 1346 nae
1882 1291 1990 1346 00000.-
2008 1297 2139 1352 subiectio
2159 1301 2292 1354 servitutis
2310 1313 2361 1352 uon
2385 1307 2455 1354 esset

456 1383 509 1434 306
528 1381 558 1434 3*
587 1411 621 1420 -
647 1385 738 1438 Anima
761 1385 896 1436 coniuncta
917 1383 970 1434 Deo
995 1385 1020 1434 iu
1049 1383 1098 1434 hac
1187 1409 1222 1422 -
1243 1383 1405 1446 theologicus
1425 1381 1503 1436 debet
1520 1397 1578 1434 esse
1598 1383 1778 1436 00100000001
1814 1381 1839 1430 00
1861 1385 1927 1436 statu
1944 1383 2108 1436 innocentiae
2126 1389 2145 1438 ll
2166 1388 2235 1440 0000
2253 1387 2372 1440 0*.0000
2386 1387 2417 1440 0*

455 1471 508 1524 0100
527 1475 613 1536 000000
633 1469 665 1526 ab
686 1487 717 1526 οο
736 1471 850 1536 separari
873 1469 970 1522 10083
992 1469 1044 1522 03
1064 1497 1098 1508 -
1137 1473 1260 1536 usitatus,
1278 1469 1315 1522 ab
1332 1469 1461 1524 intellectu
1482 1483 1532 1522 non
1554 1469 1677 1522 dissonus
1688 1475 1713 1522 00
1726 1469 1776 1534 000,
1867 1479 2008 1524 -secute
2028 1473 2153 1526 estbella
2173 1475 2190 1526 ll
2211 1475 2280 1528 0005
2300 1475 2390 1542 argi
2420 1503 2455 1516 -·

455 1559 544 1612 anima
567 1569 733 1626 separatura
757 1559 810 1610 lieo
836 1571 885 1622 000
902 1559 1098 1610 damnationem
1137 1557 1170 1610 de
1190 1573 1241 1626 qna
1260 1557 1304 1624 00,
1322 1571 1452 1610 00000000
1470 1559 1500 1610 111
1518 1559 1604 1610 0500
1633 1559 1778 1610 -Τ1000-
1815 1559 1961 1610 introducta
1980 1561 2027 1612 fult
2045 1563 2069 1612 in
2090 1563 2154 1628 hoc,
2174 1565 2454 1630 quodunusalterum

359 1715 363 1722 .
456 1649 487 1700 10
509 1649 558 1700 083
574 1649 708 1714 0005-
725 1647 837 1714 Quando
857 1649 944 1698 anima
962 1651 1099 1712 separatur
1136 1647 1203 1712 logia
1224 1647 1305 1701 sumit
1324 1647 1510 1710 proprietatem
1529 1661 1639 1700 suorum
1664 1647 1777 1700 vocabu·
1814 1647 1876 1698 vicit
1893 1651 1920 1700 et
1937 1649 2453 1714 0000000100000000000,0000000000

455 1737 556 1802 aDeo,
577 1737 687 1790 moritur
705 1741 729 1788 et
749 1734 846 1788 vilescit
867 1735 898 1786 10
919 1733 969 1786 033
991 1733 1052 1788 (0.3
1137 1734 1222 1786 lorum
1243 1733 1389 1788 secundum
1409 1735 1472 1786 alias
1491 1735 1611 1786 scientias
1631 1735 1658 1786 ill
1683 1733 1776 1786 5000
1814 1735 1899 1788 facere
1919 1739 2076 1790 contrarium
2096 1739 2153 1792 eius
2172 1739 2244 1808 quod
2262 1739 2319 1804 ipse
2350 1741 2454 1794 mauda-

512 1827 682 1878 sarracenus
707 1853 741 1862 --
765 1823 828 1876 dicit
853 1823 1039 1886 perfectionem
1066 1823 1099 1874 lV
1135 1851 1172 1862 -
1190 1825 1215 1876 ln
1236 1823 1404 1886 expressione
1424 1823 1485 1874 fidei
1505 1829 1608 1876 0000000
1622 1825 1704 1886 magis
1718 1835 1778 1874 con·
1814 1825 1882 1876 verit
1899 1825 1918 1874 ll
1938 1823 2040 1878 totta

455 1913 507 1964 007
519 1913 545 1964 0.
557 1913 573 1964 0
584 1939 622 1952 -
637 1913 782 1966 innumero
795 1911 1099 1976 septenariointelligun·
1136 1913 1265 1966 sideratur
1282 1913 1411 1964 sermonis
1430 1915 1524 1968 veritas
1544 1925 1625 1980 quam
1648 1911 1776 1964 sermonis
1868 1939 1902 1952 -
1922 1913 1983 1966 dicit
1996 1915 2176 1982 indignitatem
2188 1919 2213 1968 in
2228 1919 2334 1970 homine
2348 1919 2366 1970 ll
2384 1919 2452 1972 1000

455 2007 497 2054 000
516 2003 616 2066 omnia,
637 2003 884 2068 quaecoustituunt
907 2001 1041 2052 hominem
1069 2013 1098 2052 ex
1136 2003 1284 2066 congruitas
1305 1999 1489 2054 11000*.10
1515 1999 1566 2054 175
1590 2015 1608 2052 0
1630 1999 1775 2052 -Sancti
1814 1997 1896 2052 3*-
1916 2007 1952 2054 000
1971 2003 2073 2054 infamis
2094 2005 2196 2060 10703
2216 2005 2268 2060 0.0

457 2095 531 2156 00010
549 2091 669 2154 corporis
689 2097 713 2144 00
731 2091 834 2142 00000000
863 2089 889 2140 00
907 2103 965 2142 0000
992 2093 1098 2142 naturae
1136 2089 1275 2156 aliquando
1289 2091 1439 2154 expressius
1450 2089 1701 2158 loquuntur,quam
1716 2099 1776 2154 pro·
1867 2117 1902 2128 —
1922 2093 1987 2144 iuter
2005 2093 2125 2146 homines
2142 2099 2182 2146 est
2199 2095 2235 2150 de
2251 2095 2309 2148 iure
2328 2093 2454 2148 111603*

349 2253 350 2256 ¹
457 2177 591 2232 1117000
616 2177 678 2232 Vide
701 2177 729 2232 V.
752 2177 898 2232 00000000.
1137 2181 1234 2244 prietes
1254 2179 1383 2230 sermonis
1401 2179 1546 2244 sustineat,
1567 2177 1600 2228 ad
1621 2177 1719 2242 aliquid
1738 2189 1776 2230 ex-
1814 2185 1905 2232 -est
1925 2179 1956 2232 dc
1977 2183 2032 2232 iure
2052 2183 2165 2246 positivo
2189 2183 2223 2234 lV
2248 2183 2301 2236 700
2329 2185 2347 2236 0.
2375 2185 2390 2236 3
2419 2211 2453 2224 --

509 2267 654 2320 Seruaeum
674 2293 708 2306 ·-
726 2265 831 2330 Corpus
842 2271 976 2320 mortuum
998 2265 1096 2330 indiget
1135 2267 1320 2334 primendum,
1340 2271 1366 2318 00
1385 2267 1449 2318 00100
1478 2279 1614 2318 sermones
1640 2279 1692 2318 uon
1717 2271 1776 2318 0000
1813 2273 1899 2332 000000
1918 2283 1976 2322 0000
1994 2283 2008 2320 0
2029 2271 2131 2322 0001000
2157 2273 2190 2324 10
2219 2271 2268 2324 703
2291 2285 2347 2336 arg.
2374 2275 2389 2324 0
2418 2299 2452 2312 -

455 2355 587 2420 sepultura
601 2357 636 2408 iv
649 2353 701 2408 377
719 2355 748 2408 6.
767 2355 781 2404 0
799 2355 963 2420 -Sepelire
977 2363 1095 2408 mortuos
1134 2355 1305 2422 extendendi,
1324 2355 1371 2408 sed
1400 2345 1549 2420 exponendi
1573 2357 1581 2406 l
1612 2355 1661 2408 110
1689 2353 1707 2406 b
1737 2367 1776 2420 00.
1814 2357 1945 2408 servilitas
1964 2371 2014 2410 nou
2036 2359 2183 2412 attribuitur
2201 2367 2308 2414 naturae
2320 2369 2452 2416 assumtae

455 2449 494 2496 est
518 2457 587 2508 opus
605 2441 799 2496 misericordiae
823 2445 958 2508 corporate
976 2441 1038 2498 ibid.
1059 2471 1092 2480 -
1135 2445 1234 2498 111187
1257 2441 1293 2496 6*.
1315 2443 1366 2498 050
1394 2441 1424 2494 0*
1450 2471 1486 2482 -
1513 2445 1607 2496 Multae
1632 2443 1776 2496 locutiones
1812 2447 1912 2498 ratione
1936 2447 2003 2500 illius
2021 2447 2163 2512 singularis
2186 2457 2307 2514 naturae,
2336 2451 2381 2504 sad
2411 2465 2451 2504 ua·

455 2559 489 2570 -
508 2531 577 2584 valet
594 2533 620 2582 tn
638 2531 696 2584 loco
716 2537 807 2584 sancto
831 2535 939 2596 propter
965 2533 1096 2584 orationes
1135 2535 1321 2588 recedentesa
1347 2533 1478 2586 sermonis
1506 2535 1666 2598 proprietate
1693 2537 1719 2582 et
1743 2529 1776 2582 ab
1815 2539 1887 2586 turae
1907 2535 2061 2588 universalis
2079 2537 2108 2588 ill
2132 2537 2184 2588 337
2207 2535 2288 2588 ll-
2306 2543 2345 2590 est
2363 2553 2452 2592 neces·

455 2621 607 2672 Sanctorum
629 2633 735 2686 proco,
754 2619 873 2672 adcuius
890 2621 1022 2672 tumulum
1043 2635 1095 2672 mc·
1134 2627 1302 2690 expressione
1321 2619 1776 2686 veritatisneganturadoctoribus
1813 2623 1907 2688 sitatis,
1928 2625 2018 2678 volet
2039 2627 2263 2680 meravoluntare
2285 2627 2383 2680 110000
2405 2627 2432 2680 0*

456 2715 591 2762 morantur
609 2711 643 2762 IV
662 2711 749 2762 0070
1135 2713 1295 2778 theologiae,
1315 2725 1347 2762 ne
1375 2711 1537 2776 decipiantur
1555 2711 1701 2776 simplices,
1732 2709 1775 2776 qui
1867 2711 2363 2780 -00000000000000000010000000
2375 2729 2453 2768 evau·

510 2799 639 2858 Seoueuaa
656 2803 813 2852 -0000000
826 2803 885 2864 0000
897 2799 1030 2852 dimissam
1046 2799 1096 2852 cul·
1135 2805 1253 2856 nesciunt
1271 2799 1464 2854 vocabulorum
1484 2801 1593 2852 virtutes
1613 2799 1639 2852 lll
1673 2799 1722 2852 000
1748 2795 1776 2850 3*
1814 2801 1913 2866 geticae
1931 2801 1964 2852 lV
1985 2801 2037 2854 015
2056 2801 2085 2854 3*
2103 2831 2137 2842 -
2167 2803 2283 2858 libertas
2300 2806 2449 2870 evangelica

457 2887 988 2954 000000000000000000000100001006
1010 2885 1037 2940 0*
1063 2917 1095 2926 -
1139 2891 1200 2946 Vide
1225 2891 1255 2944 V.
1274 2887 1430 2960 improprio
1448 2895 1472 2942 et
1496 2887 1523 2942 V.
1544 2887 1744 2956 inconpertae.
1812 2903 1864 2942 non
1882 2889 2005 2942 liberata
2027 2895 2155 2946 servitute
2181 2893 2276 2946 terreni
2301 2891 2409 2946 dominii
2432 2895 2450 2946 ll

455 2987 484 3026 00
506 2983 611 3038 0000000
632 2977 857 3040 trahitorlginem
880 2975 977 3028 111750
1002 2975 1092 3040 argi
1185 3009 1220 3020 —
1241 2979 1377 3032 ordinatus
1395 2977 1475 3032 habet
1495 2983 1607 3044 quatuor
1626 2983 1713 3042 partes
1743 2975 1775 3028 lV
1814 2981 1876 3032 1011
1900 2979 1938 3048 0*,
1961 2979 1989 3032 0*
2008 2995 2115 3034 -non
2135 2983 2231 3036 totlitur
2254 2995 2303 3046 per
2326 2985 2448 3036 unionem

456 3065 609 3128 -peccati
631 3063 1096 3128 000100000000000000100,100000-
1134 3067 1220 3122 0050
1812 3065 1976 3122 0000000000.
2003 3067 2034 3120 3*
2063 3097 2097 3108 —-
2126 3071 2216 3124 mortis
2243 3075 2267 3122 et
2297 3071 2450 3122 conditionis

458 3159 495 3206 tes
526 3159 612 3204 tamen
642 3153 791 3218 frequenter
821 3165 918 3216 poenas
947 3153 1095 3218 corporales
1187 3159 1298 3210 8000000
1316 3183 1351 3196 -
1371 3163 1408 3208 000
1427 3155 1535 3218 reptile,
1556 3153 1627 3218 quod
1645 3167 1675 3204 se
1696 3153 1773 3204 trahit
1812 3161 1897 3206 manet
1919 3161 1978 3222 0000
1996 3155 2448 3224 liberationemaservitutepeccati

455 3253 568 3292 annexas
586 3247 696 3306 propter
713 3241 755 3290 sui
767 3241 983 3304 expurgationem
997 3239 1029 3292 10
1043 3239 1093 3294 558
1133 3247 1158 3298 vi
1181 3253 1312 3300 costarum
1331 3245 1349 3296 ll
1370 3245 1421 3296 380
1441 3242 1466 3295 d.
1488 3244 1498 3295 1
1520 3269 1557 3282 ·-
1575 3241 1720 3294 secundum
1740 3249 1774 3294 to·
1811 3251 1920 3308 propter
1938 3249 2129 3308 promotionem
2149 3255 2175 3298 et
2196 3245 2401 3300 humiliationem
2415 3245 2448 3300 lb.

455 3329 603 3382 b-sunt
624 3329 744 3382 diversae
758 3327 903 3380 secuudum
917 3329 1094 3380 diversitatem
1134 3343 1190 3386 turn
1208 3347 1308 3398 corpus
1325 3345 1404 3384 000000
1431 3335 1513 3382 terrae
1541 3333 1568 3382 in
1595 3343 1643 3382 suo
1673 3331 1772 3382 incesso
1811 3347 1833 3384 a.
1855 3332 1923 3385 1010
1941 3329 1971 3386 5*

454 3415 775 3482 perhorresceret
804 3445 839 3456 —
864 3417 996 3484 quaedam
1017 3419 1095 3470 01000-
1135 3421 1259 3476 adhaeret
1276 3421 1295 3472 11
1316 3419 1398 3472 0050
1635 3467 1643 3482 ,
1862 3449 1896 3460 -
1916 3421 2443 3498 corporalisnonrepugnatservitiollei

455 3505 553 3558 bilitaut
573 3515 597 3560 et
615 3505 730 3560 reddunt
749 3507 866 3572 ineptum
887 3507 919 3558 ad
944 3507 1043 3560 bonum
1064 3507 1096 3560 10
1189 3539 1219 3548 -
1242 3509 1320 3564 habet
1340 3509 1506 3574 prudentiam
1526 3509 1534 3560 l
1556 3505 1607 3560 500
1631 3507 1648 3560 0
1673 3533 1708 3546 -
1736 3513 1774 3560 est
1811 3509 1842 3562 10
1863 3509 1914 3562 700
1929 3509 1953 3562 0.
1967 3511 1983 3562 3
1996 3511 2143 3564 -Fideles
2164 3519 2272 3578 possunt
2288 3525 2314 3564 se
2333 3511 2447 3566 rendere

456 3591 507 3646 too
527 3595 551 3646 d.
572 3597 586 3648 0
606 3599 800 3662 -praecipua
821 3601 859 3648 cst
879 3599 990 3648 carentia
1018 3597 1096 3648 virtu·
1136 3599 1320 3652 callidissimus
1337 3599 1364 3650 in
1384 3597 1503 3650 nocendo
1520 3605 1548 3648 et
1565 3595 1710 3670 insidiando
1731 3597 1773 3648 ho·
1810 3599 1833 3650 in
1855 3597 2010 3664 obsequium
2030 3599 2188 3666 humanum,
2208 3599 2256 3652 sed
2277 3615 2340 3664 nou,
2361 3609 2388 3654 000
2414 3603 2445 3654 fa·

455 3689 510 3734 turn
529 3681 590 3738 ibid.
609 3691 724 3736 -sunt
745 3689 845 3748 septem
868 3685 895 3736 ill
914 3683 966 3736 705
993 3701 1016 3736 0.
1043 3683 1094 3738 716
1135 3689 1197 3740 00001
1215 3689 1236 3740 11
1254 3685 1306 3738 005
1326 3683 1363 3738 1*.
1382 3685 1434 3738 510
1454 3685 1478 3738 d.
1499 3683 1773 3736 0-0000010000010
1811 3689 1962 3744 0100000010
1982 3685 2044 3740 thid.
2061 3715 2097 3726 -
2117 3689 2220 3742 Serviro
2234 3689 2330 3742 homini
2347 3703 2395 3742 uon
2411 3695 2450 3742 est

455 3785 524 3824 a—
542 3779 655 3838 quatuor
674 3779 734 3826 0000
755 3773 1095 3838 principales,sedmultae
1136 3777 1269 3830 insidiatur
1291 3777 1426 3828 bominem
1445 3773 1549 3826 laedere
1573 3775 1591 3828 ll
1620 3773 1669 3826 095
1697 3787 1710 3824 0
1739 3801 1773 3812 ·-
1810 3777 1884 3842 culpa
1906 3789 1952 3828 nec
1983 3777 2096 3844 malum,
2127 3779 2208 3830 imaro
2238 3777 2400 3830 meritorium
2429 3779 2446 3830 ll

454 3860 525 3914 aliae·
537 3875 569 3914 ex
588 3861 638 3914 illis
655 3867 845 3930 consequentes
865 3857 894 3914 lli
911 3859 964 3914 706
986 3861 1014 3914 0*
1136 3869 1227 3918 000000
1246 3865 1344 3918 occulte
1365 3863 1454 3916 11380
1481 3863 1508 3916 d.
1535 3865 1551 3914 0
1579 3889 1616 3902 -
1642 3863 1773 3926 Serpentis
1812 3865 1878 3918 1000
1900 3869 1917 3918 0.
1937 3863 1952 3916 0
1971 3881 2094 3932 -quae
2113 3867 2139 3918 00
2160 3867 2256 3920 homini
2286 3881 2316 3920 ex
2341 3869 2448 3920 necessi·

412 3983 413 3986 0
506 3975 539 3990 -
560 3953 696 4016 expellitur
721 3953 834 4004 caritatis
862 3951 957 4004 ardore
984 3951 1018 4004 00
1045 3949 1094 4008 003
1133 3961 1173 4006 000
1191 3967 1296 4018 serpere
1316 3961 1339 4006 00
1358 3955 1433 4004 virus
1456 3953 1602 4004 diffundere
1626 3959 1650 4004 et
1680 3951 1773 4004 dillub-
1811 3959 1875 4022 tate,
1893 3955 1983 4020 aliquo
2001 3955 2082 4008 modo
2102 3955 2210 4020 derogat
2235 3957 2348 4010 hominis
2374 3955 2448 4010 liber-

454 4037 480 4090 0*
500 4067 534 4078 -
554 4045 679 4092 00000000
699 4055 746 4104 000
764 4039 832 4092 dona
858 4041 887 4092 lli
911 4037 959 4090 700
986 4037 1023 4092 0*.
1043 4039 1094 4092 700
1134 4043 1219 4096 dendo
1241 4043 1373 4094 hominem
1392 4043 1541 4094 interimere
1556 4043 1572 4092 ll
1586 4037 1772 4094 00505800
1811 4043 1896 4094 tatiet
1917 4043 1976 4094 ideo
1995 4043 2143 4096 nonhabet
2164 4045 2188 4094 in
2217 4059 2245 4096 00
2273 4045 2447 4098 excellentiam

453 4141 510 4192 arg.
528 4129 543 4180 0
563 4157 597 4168 -
617 4127 735 4194 indigent
756 4127 879 4180 remediis
905 4129 1021 4192 plurium
1053 4131 1092 4180 Sa·
1133 4159 1167 4172 -·
1187 4133 1337 4196 Serpentem
1358 4131 1470 4182 maxime
1496 4131 1616 4182 exhorret
1641 4131 1721 4180 homo
1742 4127 1772 4178 la·
1811 4129 2077 4184 00000000010101*

453 4227 646 4270 oramentorum
665 4217 700 4270 00
719 4217 754 4268 00
774 4215 803 4268 0*
1133 4223 1235 4286 000011
1256 4219 1338 4270 0050
1358 4247 1392 4256 -
1424 4223 1500 4270 00000
1526 4223 1565 4268 000
1592 4217 1691 4268 homini
1715 4229 1772 4268 0000
1865 4247 1898 4258 -
1918 4221 2025 4274 Servitia
2047 4227 2143 4286 quanto
2165 4223 2248 4286 magis
2261 4221 2362 4288 debita,
2376 4227 2446 4274 00000

506 4333 538 4344 --
557 4307 682 4370 paulatim
702 4311 808 4358 cruatur
827 4303 861 4356 10
882 4303 933 4356 370
952 4303 978 4356 d.
998 4305 1023 4358 0.
1043 4303 1093 4356 003
1133 4311 1246 4360 alexinae
1264 4307 1385 4358 inimicus
1403 4303 1439 4358 00.
1455 4303 1487 4356 3*
1809 4309 1894 4360 minus
1916 4307 2187 4374 gualdradae
2217 4307 2280 4364 Vide
2312 4308 2340 4362 V.
2369 4307 2447 4364 Obse-

453 4391 477 4446 d.
498 4393 513 4446 0
531 4421 568 4430 -
587 4407 639 4446 000
657 4403 782 4448 00000000
803 4393 916 4458 perfecte
936 4393 982 4444 nisi
997 4395 1022 4444 iu
1043 4393 1093 4458 glo·
1185 4423 1219 4436 -··
1238 4399 1371 4448 assumtus
1388 4395 1469 4446 iuita
1489 4393 1593 4446 diabolo
1619 4391 1651 4446 ad
1678 4399 1770 4448 tentan·
1808 4393 1910 4464 quium.

453 4483 490 4534 ria
511 4483 540 4536 lV
564 4481 614 4536 033
635 4481 660 4536 0.
683 4483 699 4536 0
1134 4483 1181 4538 dos
1199 4481 1300 4550 primos
1319 4485 1439 4536 homines
1462 4497 1494 4536 ex
1520 4495 1637 4546 congrua
1663 4483 1770 4548 parmis·
1863 4513 1896 4524 --
1916 4483 2049 4538 Subiectio
2066 4487 2198 4538 servitutis
2218 4499 2268 4538 non
2290 4487 2404 4540 ruanebit
2423 4489 2447 4540 in

507 4573 582 4634 Suom
600 4601 636 4610 —
654 4587 706 4624 non
725 4571 822 4624 dicitur
839 4571 1095 4634 proprieiudivinis
1133 4575 1203 4626 sione
1221 4573 1327 4626 divinae
1346 4573 1489 4636 sapientiae
1507 4570 1524 4623 ll
1547 4571 1596 4624 005
1616 4587 1639 4624 0.
1670 4571 1719 4624 510
1745 4571 1770 4624 d.
1808 4579 1874 4626 statu
1893 4573 1992 4638 gloriae
2010 4575 2029 4626 ll
2050 4575 2118 4628 1008
2136 4575 2190 4628 06
2217 4603 2250 4614 -·
2276 4577 2395 4628 miseriae
2423 4581 2448 4630 00

453 4657 533 4712 1008
554 4675 570 4712 a
590 4687 624 4698 -·-
648 4661 743 4714 dicitur
768 4661 912 4724 improprie
932 4661 957 4712 iu
986 4661 1093 4724 divinis,
1133 4665 1148 4714 0
1175 4691 1209 4700 —-
1237 4661 1383 4716 secundum
1412 4661 1509 4714 Bedam
1538 4661 1650 4712 habebat
1679 4661 1769 4712 faciem
1808 4659 1977 4714 subiectionis
1995 4661 2127 4716 auferetur
2145 4665 2171 4716 in
2190 4665 2273 4728 gloria
2294 4665 2311 4716 li
2333 4665 2400 4718 0000
2420 4663 2448 4720 5*

453 4751 480 4802 00
500 4749 630 4814 significet
648 4747 855 4814 inseparabiliter
869 4749 985 4800 comitari
1000 4753 1024 4802 et
1037 4763 1095 4802 con·
1133 4751 1244 4816 virginis
1262 4751 1278 4802 ll
1310 4747 1408 4802 0050*
1430 4751 1770 4816 —poteratlequivirto
1865 4777 1896 4788 -
1916 4751 2054 4804 Peccatum
2072 4753 2132 4804 iacit
2152 4755 2286 4806 hominem
2303 4767 2410 4806 servum
2429 4757 2448 4808 ll

453 4841 551 4892 sociare
572 4841 580 4890 l
600 4839 647 4890 101
672 4839 699 4892 d.
717 4839 733 4890 7
1133 4841 1202 4894 tibus
1220 4839 1396 4904 naturalibus,
1417 4841 1552 4892 assistente
1579 4843 1704 4902 potestate
1730 4853 1770 4892 su·
1809 4840 1860 4892 810
1879 4841 1895 4892 0.
1917 4839 1940 4892 l.
1960 4839 2091 4893 017580
2111 4869 2146 4882 -
2166 4843 2277 4908 Spiritus
2297 4845 2320 4894 iu
2340 4845 2449 4898 servitu·

507 4927 634 4980 Surorum
652 4955 689 4964 -
706 4935 745 4982 est
764 4941 905 4990 supremus
923 4927 1041 4978 omnium
1057 4941 1095 4980 or·
1134 4931 1231 4994 periori
1251 4929 1269 4982 ll
1288 4929 1339 4982 500
1361 4929 1386 4982 d.
1405 4929 1416 4980 1
1545 4937 1546 4940 ’
1810 4935 1862 4982 tem
1876 4931 1974 4994 peccati
1994 4929 2122 4994 redigitur
2134 4945 2182 4996 per
2195 4931 2447 4996 praedominautiam

452 5015 543 5068 diuum
564 5015 653 5070 11000
674 5017 735 5070 tt.
755 5015 805 5068 008
826 5015 843 5068 b
863 5043 897 5054 -
922 5017 1026 5068 000000
1055 5031 1095 5068 su·
1185 5003 1220 5060 -’-
1239 5021 1386 5072 Daemones
1397 5017 1617 5070 marimefaciunt
1628 5021 1769 5084 serpentes
1808 5021 2031 5084 concupiscentiae
2051 5021 2067 5072 ll
2087 5021 2229 5074 7030-
2246 5021 2296 5086 Qui
2314 5027 2402 5072 000000
2421 5025 2446 5074 00

453 5119 541 5170 prema
564 5107 708 5158 hierarchia
728 5105 746 5156 ll
768 5103 855 5156 0000
1132 5107 1221 5162 000100
1241 5105 1336 5160 iudicio
1356 5109 1530 5174 permittente,
1550 5105 1581 5160 ad
1602 5107 1696 5172 prioris
1710 5105 1769 5160 tacti
1808 5109 1883 5174 culpa
1903 5121 1997 5160 servus
2014 5115 2054 5162 est
2072 5107 2171 5162 diaboli
2189 5115 2215 5162 et
2235 5111 2332 5176 peccati
2354 5111 2371 5162 ll
2391 5111 2442 5164 678

506 5223 539 5232 -
559 5203 706 5248 estnomen
725 5195 864 5260 proprium
884 5195 983 5246 ordinis
1004 5195 1021 5248 ll
1042 5195 1092 5246 000
1133 5201 1287 5250 memoriani
1308 5197 1325 5246 ll
1354 5195 1403 5246 003
1433 5195 1451 5248 0
1480 5225 1513 5234 -
1543 5195 1670 5262 Videtur,
1698 5195 1770 5262 quod
1808 5197 1913 5250 05-
1932 5195 2015 5248 Homo
2035 5211 2064 5250 se
2091 5205 2178 5262 potest
2204 5199 2330 5252 inducere
2350 5201 2373 5252 in
2394 5213 2445 5252 ser·

453 5283 593 5338 b-nou
614 5285 708 5338 dicitur
733 5285 768 5336 de
792 5283 967 5336 daemonibus
998 5285 1015 5336 ll
1043 5285 1092 5336 160
1133 5289 1202 5352 magi
1221 5299 1272 5350 ope
1292 5285 1451 5336 daemonum
1470 5297 1549 5336 raros
1573 5291 1707 5350 serpentes
1739 5285 1770 5336 10·
1807 5287 1915 5338 vitutem
1935 5285 2190 5350 peccatietdiaboli
2210 5285 2309 5340 111013
2330 5275 2445 5340 (0.0-

421 5375 422 5378 ’
455 5367 488 5426 ti.
511 5373 560 5424 060
581 5369 616 5426 0*.
638 5371 688 5426 008
709 5371 726 5426 b
745 5381 838 5426 -est
857 5373 957 5438 plurale
981 5375 1094 5426 nominis
1132 5371 1573 5438 000000110001*-000010010
1602 5375 1770 5428 0000000000
1810 5375 1893 5428 Homo
1913 5389 1940 5426 so
1958 5375 2017 5428 fecit
2036 5389 2143 5426 servum
2165 5377 2262 5442 peccati
2283 5381 2307 5428 01
2324 5377 2446 5442 supplicii

452 5461 551 5526 Seraph
572 5461 699 5514 trabib
1133 5463 1278 5516 secundum
1298 5463 1410 5516 0000000
1429 5463 1568 5516 seminales
1585 5463 1604 5514 lt
1625 5461 1675 5514 036
1699 5463 1716 5516 b
1737 5489 1770 5502 -·-
1808 5461 1840 5518 lb.
1861 5463 1887 5514 d.
1908 5463 1924 5514 0
1946 5461 2007 5516 Vide
2040 5463 2069 5516 V.
2096 5463 2182 5520 Homo
2210 5461 2256 5522 lo.
2285 5493 2319 5506 -·
2348 5467 2447 5532 peccati
2499 5499 2502 5504 ·

506 5577 541 5590 -
560 5551 654 5602 dicitur
673 5549 824 5604 incendium
852 5551 965 5604 caritatis
996 5555 1014 5604 11
1043 5551 1093 5604 000
1187 5555 1309 5606 Sauvtrus
1326 5579 1362 5588 -
1381 5551 1521 5616 opponitur
1547 5549 1656 5604 libertati
1683 5555 1699 5604 ll
1720 5551 1770 5602 810
1809 5553 1948 5616 opponitur
1961 5551 2100 5606 libertatia
2119 5555 2205 5622 culpa,
2222 5557 2332 5608 servitus
2347 5567 2445 5620 poenae

455 5635 489 5690 1*.
511 5639 559 5688 063
581 5635 609 5690 0*
628 5665 662 5678 -
681 5639 753 5690 Ordo
771 5641 908 5704 Seraphim
929 5647 966 5692 est
986 5639 1093 5692 000000-
1132 5643 1148 5694 0.
1169 5641 1194 5694 0.
1214 5641 1248 5694 10
1267 5639 1319 5692 377
1338 5641 1366 5692 d.
1385 5641 1398 5692 0
1418 5669 1454 5678 -
1472 5641 1614 5694 attenditur
1632 5641 1770 5692 00000010-
1809 5645 1833 5694 00
1846 5643 1937 5694 mortis
1955 5639 2065 5696 libertati
2084 5657 2099 5694 a
2120 5645 2224 5696 miseria
2242 5643 2261 5696 ll
2283 5643 2388 5696 l0l0b

454 5727 537 5778 nentia
557 5727 702 5778 dilectionis
718 5735 744 5778 et
764 5727 877 5778 caritatis
903 5729 921 5778 ll
952 5727 1004 5780 000
1031 5729 1048 5780 1.
1078 5729 1092 5780 0
1132 5731 1162 5780 010
1187 5727 1770 5792 000000000010100-000000000000·
1862 5729 2050 5796 -spiritualis
2062 5733 2118 5786 sive
2136 5735 2236 5796 peccati
2249 5735 2378 5798 repugnat
2391 5747 2445 5786 ser·

450 5843 484 5852 -
504 5813 730 5866 denorrrinantura
751 5813 854 5864 caritate
868 5813 951 5866 11008
970 5815 1051 5882 usq,
1066 5813 1092 5870 0*
1130 5819 1236 5882 0000000·
1255 5815 1365 5872 libertati
1385 5831 1398 5870 a
1418 5819 1554 5870 coactione
1571 5813 1771 5870 ibid-*coar
1808 5819 1935 5874 vitio'Dei
1953 5819 2053 5872 10700
2072 5819 2100 5874 d.
2119 5821 2133 5872 3
2153 5847 2188 5862 -
2208 5823 2307 5886 000000
2326 5835 2376 5874 000
2397 5827 2445 5874 0100
2537 5851 2541 5858 ·

452 5887 542 5956 eorum
557 5909 594 5956 cst
608 5903 720 5966 perfecta
734 5903 837 5956 dilectio
848 5903 867 5954 ll
882 5901 933 5954 000
947 5903 963 5954 0
976 5903 1092 5954 -Ordo
1131 5913 1182 5956 ctat
1194 5905 1337 5958 libertatem
1352 5913 1479 5972 quantum
1499 5903 1531 5956 ad
1552 5909 1650 5956 motum
1665 5909 1771 5958 exterio·
1809 5921 1870 5960 cum
1888 5907 2004 5960 dominio
2024 5909 2118 5962 Christi
2137 5909 2155 5960 ll
2177 5911 2245 5964 1010
2269 5909 2299 5960 5*
2324 5937 2361 5950 -
2387 5923 2446 5974 pac·

453 5993 588 6056 Seraphim
608 6001 680 6046 esta
702 5991 783 6058 gratia
805 5989 894 6042 11000
916 5987 1090 6044 italica
1131 6005 1187 6044 rem
1204 5991 1267 6044 ibid.
1293 6007 1333 6058 sq.
1351 6019 1387 6032 -··
1404 5993 1511 6056 respicit
1529 5993 1662 6046 hominem
1689 6009 1770 6062 qtran·
1808 5999 1857 6050 cati
1875 6005 2004 6062 repugnat
2022 5997 2132 6052 libertati
2153 5999 2319 6064 evangelicae
2339 5999 2372 6050 00
2393 5999 2445 6050 005

506 6083 591 6134 Spano
608 6111 645 6120 -
663 6091 751 6142 ortum
772 6079 849 6134 habet
862 6081 1038 6134 0000100000ιο
1058 6083 1090 6134 10
1120 6085 1186 6158 1000
1204 6079 1277 6134 adid
1293 6081 1365 6146 quod
1385 6087 1424 6134 est
1443 6081 1474 6134 10
1494 6081 1546 6134 700
1561 6083 1584 6134 0.
1605 6083 1656 6136 705
1673 6083 1700 6136 0*
1808 6083 1841 6138 3*
1857 6113 1891 6126 -
1910 6087 2052 6152 spiritualis
2068 6093 2109 6140 est
2135 6089 2210 6152 peior
2238 6089 2367 6152 corporali
2395 6089 2444 6152 ipsi

454 6167 613 6236 asterga
638 6167 700 6224 Vide
722 6171 751 6224 V.
770 6169 889 6226 Locutio.
1184 6197 1218 6210 -·-
1247 6175 1286 6224 est
1314 6171 1461 6236 coactionis,
1487 6177 1531 6224 aut
1550 6171 1723 6244 subiectionis„
1751 6173 1770 6228 li
1808 6189 1899 6242 servo,
1918 6175 1964 6228 sed
1980 6169 2037 6228 'non
2055 6173 2122 6230 adeo
2141 6176 2271 6230 redundat
2291 6177 2314 6226 iu
2334 6175 2444 6230 alterum
2490 6187 2491 6192 ¹

504 6287 539 6300 -
559 6275 609 6312 000
631 6257 1091 6328 000000000000010000·,0101000000
1132 6261 1223 6312 1880.
1244 6257 1296 6314 005
1316 6257 1341 6312 d.
1362 6257 1770 6330 S—subiectiouisestrespe·
1808 6271 1831 6316 et
1852 6263 1950 6316 facilius
1970 6265 2212 6330 00000000000010
2232 6259 2332 6318 tati*
2415 6269 2418 6276 “

451 6347 597 6402 intendatur
616 6363 724 6412 verum,
745 6355 772 6402 ut
790 6351 988 6414 interpretativa
1007 6351 1091 6404 deser·
1130 6359 1172 6406 ctu
1187 6351 1320 6416 miseriae,
1340 6347 1767 6414 0010000000000000000000088
1860 6381 1894 6394 -·
1916 6352 1983 6404 llulti
1997 6355 2114 6406 serviunt
2125 6353 2352 6418 concupiscentiae
2360 6353 2377 6406 ll
2391 6353 2443 6406 503

452 6437 505 6490 viat
523 6437 707 6500 intellectivae,
725 6439 801 6490 cuius
821 6439 879 6492 fiais
896 6449 936 6494 est
954 6455 1048 6494 verum
1064 6443 1090 6494 111
1130 6457 1150 6494 a.
1172 6439 1223 6494 605
1245 6439 1307 6494 (1.0
1327 6465 1364 6478 ·-
1390 6437 1532 6502 respondet
1552 6443 1671 6502 potestati
1691 6441 1770 6494 dorni-
1808 6439 1889 6494 0*-
1908 6443 2006 6506 peccati
2025 6443 2138 6494 maxime
2157 6449 2195 6494 est
2214 6443 2240 6494 in
2270 6443 2442 6494 0001000000

388 6579 392 6584 ,
454 6523 534 6578 8050
556 6541 595 6594 sq.
614 6527 718 6594 -Qui
737 6527 819 6580 utitur
836 6541 958 6582 sermone
973 6529 1090 6582 adalind
1130 6527 1598 6596 0000000000000010000000080
1810 6529 1932 6584 08700

453 6629 531 6682 quam
550 6617 585 6668 ad
602 6617 801 6682 exprimendam
830 6619 964 6670 veritatem
990 6631 1022 6670 eo
1045 6617 1091 6672 ab·
1182 6647 1215 6656 -
1236 6619 1374 6672 Hominem
1394 6617 1493 6668 homini
1511 6617 1603 6670 subiici
1634 6623 1659 6672 et
1688 6621 1769 6674 famu·
1860 6647 1895 6660 -
1923 6617 2040 6674 Christus
2063 6619 2175 6672 redemit
2199 6633 2290 6694 nosa
2316 6619 2442 6672 servitute

454 6703 891 6770 010100·00000000018000.6.
918 6705 970 6758 800
999 6705 1027 6760 3*
1055 6735 1091 6746 -
1129 6707 1189 6774 lari,
1208 6707 1287 6760 dictat
1317 6713 1404 6758 natura
1426 6703 1570 6758 secundum
1595 6713 1690 6760 statum
1715 6723 1769 6762 cor·
1808 6707 1917 6772 diaboli,
1937 6709 2035 6774 peccati
2060 6713 2085 6762 et
2114 6709 2235 6776 supplicii
2259 6707 2440 6760 10013000

453 6791 619 6860 prohibetur,
638 6799 664 6848 ut
685 6797 745 6848 facit
764 6801 951 6848 nocumentum
971 6797 1089 6860 proximo
1129 6797 1271 6862 ruptionis,
1293 6809 1326 6848 ne
1346 6795 1404 6846 mali
1425 6795 1490 6848 alios
1502 6797 1651 6858 opprimant
1671 6797 1768 6850 100000
1806 6823 1841 6836 -·
1862 6797 1881 6848 Α
1899 6797 2024 6850 servitute
2044 6797 2140 6862 peccati
2162 6797 2287 6850 liberatur
2306 6797 2352 6860 qui
2370 6809 2443 6860 rege·

453 6881 480 6932 111
500 6881 549 6932 830
572 6883 597 6934 d.
617 6885 681 6934 8-
694 6885 787 6946 salsus,
801 6889 930 6950 quautam
949 6893 987 6938 est
1007 6885 1039 6938 de
1052 6899 1087 6950 se,
1129 6883 1156 6938 t*
1177 6885 1376 6938 -introducta
1396 6893 1437 6938 est
1454 6883 1547 6934 merito
1567 6887 1665 6950 peccati
1685 6885 1767 6938 11168
1807 6893 1911 6938 noratur
1931 6887 1955 6938 in
1976 6885 2087 6952 Christo,
2108 6885 2154 6938 sed
2177 6887 2264 6938 manet
2288 6881 2443 6948 possibilitas
