5792 8392
347 605 413 672 366
1180 597 1296 666 01111111
1317 597 1508 666 SECUNDUS

635 693 690 744 rm
1994 681 2058 738 999

401 781 529 832 99999999
554 805 590 818 -
614 783 653 832 999
679 781 704 830 19
731 777 931 842 concupiscibili
956 777 992 828 11
1027 773 1449 840 9999999111999199191999,999
1480 775 1545 826 ratio
1562 773 1668 826 subiici·
1756 801 1794 818 .-
1819 773 1959 826 comitatur
1987 773 2010 822 in
2042 771 2200 840 quibusdam
2231 777 2344 840 peccatis

347 869 403 922 393
414 879 474 932 arg.
495 869 511 918 3
530 893 566 904 -
584 867 728 932 opponitur
746 867 910 918 delectationi
930 861 993 918 trid.
1028 869 1070 916 tur
1088 863 1248 918 sensualitati
1260 867 1286 914 99
1300 875 1351 914 999
1364 867 1462 912 tantum
1478 861 1606 926 turbatur,
1620 861 1667 912 sed
1703 861 1738 912 11
1756 861 1809 914 365
1827 859 1859 912 3*

349 955 401 1008 399
419 955 449 1008 cl.
464 953 493 1006 7.
512 955 579 1006 1013
598 969 657 1020 arg.
677 957 693 1006 9
710 981 747 992 -
765 953 879 1006 9991919
899 953 994 1004 nolun-
1016 953 1106 1004 etiam
1127 947 1541 1016 99999999999ς9919999919999
1561 951 1668 1002 rationis
1756 951 1858 1002 999999
1874 975 1911 988 -
1929 949 2037 1014 proprie
2062 955 2103 1002 est
2129 949 2214 1014 ligura
2237 957 2262 1002 et
2282 951 2343 1004 dicit

348 1047 400 1096 1999
418 1047 518 1108 nostra,
537 1045 599 1110 qula
629 1047 666 1094 999
695 1041 817 1106 indigens
833 1047 861 1094 et
879 1053 932 1092 non
950 1047 993 1092 est
1027 1041 1138 1104 imperio
1157 1047 1184 1092 et
1201 1039 1299 1092 iudicio
1317 1039 1345 1090 lll
1365 1039 1416 1090 338
1435 1037 1452 1090 b
1472 1043 1559 1090 -esl
1576 1051 1667 1090 secun·
1702 1037 1809 1104 aliquod
1828 1041 1922 1090 vitium
1941 1039 2042 1088 ratione
2060 1047 2222 1104 excusatum,
2243 1039 2343 1104 largius

350 1131 397 1182 1191
411 1131 550 1182 coniuncta
579 1131 586 1182 l
611 1129 663 1182 799
695 1129 766 1180 b-
783 1129 834 1194 Qui
856 1133 928 1180 amat
945 1127 990 1180 ali·
1028 1127 1092 1180 dum
1103 1127 1209 1180 rationis
1220 1127 1362 1190 imperium
1373 1133 1395 1178 el
1406 1125 1546 1190 iudicium,
1560 1125 1667 1192 quando
1703 1125 1764 1176 dicit
1784 1137 1980 1194 quarnoumquc
1998 1125 2225 1190 improprietatem
2245 1141 2343 1180 sermo-

348 1217 413 1286 9919
434 1221 550 1272 tristatur
575 1217 607 1272 de
633 1219 690 1272 eius
716 1217 858 1268 emissione
887 1217 916 1268 lll
938 1215 990 1266 338
1027 1219 1086 1284 quis
1106 1217 1238 1280 tristatur,
1257 1215 1358 1266 ratione
1370 1215 1482 1266 dictante
1497 1219 1521 1266 el
1541 1213 1667 1266 suadente
1688 1213 1751 1276 999,
1770 1227 1839 1280 quae
1859 1219 2009 1266 removetur
2033 1227 2081 1278 per
2099 1213 2342 1268 determinationem

348 1307 366 1360 1.
386 1307 401 1358 3
419 1307 565 1360 -Nullus
583 1307 701 1360 tristatur
726 1305 775 1356 nisi
805 1305 837 1356 de
866 1317 897 1356 eo
917 1305 990 1372 quod
1026 1301 1089 1358 ibid.
1113 1301 1176 1356 Vide
1197 1301 1226 1356 V.
1248 1301 1371 1356 0199991999
1389 1299 1436 1356 dd.
1702 1303 1854 1354 adiunctam
1871 1301 1900 1354 lll
1921 1301 1973 1354 959
1992 1299 2018 1352 9.
2039 1301 2054 1354 9
2072 1329 2109 1340 -
2126 1305 2153 1354 19
2171 1305 2277 1368 tropicis
2290 1317 2340 1356 non

348 1395 378 1450 lit
395 1401 486 1448 contra
506 1395 667 1446 volantatem
689 1407 764 1446 suam
784 1391 821 1446 td.
844 1407 900 1458 arg.
922 1391 993 1444 l—
1079 1407 1155 1444 —ex
1169 1393 1332 1458 surreptione
1342 1393 1491 1444 communis
1499 1397 1538 1444 est
1547 1391 1667 1454 sapienti·
1701 1397 1743 1444 est
1759 1399 1828 1444 reeta
1850 1391 2083 1452 argumentationis
2103 1393 2237 1456 processio
2253 1389 2316 1446 ibid.

348 1485 498 1536 trecessario
524 1485 656 1550 sequitur,
692 1481 798 1548 quando
829 1479 991 1534 desiderium
1026 1479 1452 1546 9999919919199911999,11991999
1472 1479 1593 1532 malislll
1614 1479 1665 1530 338
1755 1479 1824 1542 Tuan
1844 1505 1881 1518 -
1899 1479 1994 1532 9191999
2012 1493 2063 1532 vor
2082 1479 2176 1534 Christi
2195 1481 2341 1534 vocansad

348 1585 400 1626 non
419 1571 543 1636 impletur
564 1575 588 1624 in
608 1585 648 1636 99,
669 1585 720 1624 non
742 1585 816 1636 nero,
836 1569 944 1636 quando
962 1569 992 1622 llt
1026 1569 1045 1622 b
1065 1595 1097 1608 -··
1112 1581 1180 1638 qnae
1198 1573 1294 1620 statum
1313 1569 1407 1620 inentis
1427 1569 1533 1632 9999919,
1554 1573 1665 1620 nonest
1702 1567 1828 1624 indicium
1850 1569 1881 1620 11
1901 1569 1951 1620 903
1974 1569 1998 1620 9.
2018 1571 2034 1620 9

350 1661 561 1728 recompensatio
573 1659 718 1710 secundum
729 1659 937 1710 aestimationem
947 1657 991 1710 de·
1026 1659 1056 1710 in
1068 1659 1154 1720 iusti-s,
1175 1657 1221 1710 sed
1241 1659 1338 1710 tristitia
1361 1671 1390 1710 er
1409 1657 1591 1720 compassione
1606 1669 1667 1708 cum
1757 1659 1885 1710 Tunsnmo
1907 1685 1938 1692 -
1960 1661 2046 1722 potest
2062 1659 2159 1710 esseio
2179 1659 2343 1710 sensualitate

348 1749 487 1802 9199999919
508 1747 597 1800 11797
617 1747 646 1800 9*
669 1745 732 1800 Vide
756 1747 781 1800 V.
802 1745 895 1800 Dolor.
1026 1747 1077 1800 alio
1094 1747 1137 1800 vel
1155 1761 1188 1798 ex
1208 1747 1271 1812 luga
1292 1741 1665 1798 9911111991911111113391*
1688 1747 1718 1798 39
1738 1749 1836 1800 9991999
1858 1747 1884 1800 111
1904 1745 1954 1798 338
1976 1745 2106 1812 19999-
2128 1749 2238 1810 Sapiens
2256 1751 2343 1810 polest

401 1863 438 1876 -
455 1841 627 1888 nontantum
659 1837 771 1902 insurgit
799 1851 829 1888 er
855 1837 990 1888 voluntale
1025 1863 1063 1872 -
1081 1835 1191 1890 turbans
1217 1833 1286 1886 cadit
1315 1835 1338 1884 ln
1367 1833 1523 1898 sapientem,
1548 1833 1665 1884 sednon
1688 1835 1792 1902 911999
1811 1833 1892 1888 modo
1911 1833 2024 1898 turbari,
2045 1833 2091 1886 sed
2119 1847 2171 1886 non
2190 1833 2340 1900 perturbari

347 1927 457 1980 rationis
474 1923 608 1990 absoluta,
629 1925 675 1978 sed
691 1925 768 1976 etiam
781 1923 931 1976 secundum
944 1939 994 1976 vo-
1026 1923 1187 1990 perlurbans
1211 1921 1272 1976 ibid.
1295 1949 1328 1960 *-
1351 1923 1407 1974 Non
1432 1923 1539 1986 tristari,
1559 1921 1591 1974 de
1613 1923 1667 1986 qui·
1688 1923 1803 1974 ’111339
1824 1921 1854 1974 1*

348 2013 746 2068 1999999999991919999999111
770 2013 825 2064 339
843 2011 928 2064 9*-
947 2013 990 2066 991
1013 2011 1287 2086 999119999991991,
1310 2017 1419 2064 999999
1443 2013 1599 2076 sapientiae,
1619 2009 1665 2062 sed
1756 2013 1845 2064 Turoa
1874 2037 1908 2048 —-
1936 2017 2020 2076 potest
2051 2011 2140 2076 pupilli
2167 2011 2343 2064 conditionem

348 2109 391 2156 999
405 2107 512 2168 praeter
528 2103 637 2156 rationis
654 2103 798 2168 imperium
824 2115 857 2154 er
875 2103 990 2168 quadam
1026 2103 1126 2166 potius
1150 2099 1262 2152 duritiae
1280 2097 1342 2152 ibid.
1362 2127 1395 2138 ·-
1415 2101 1500 2164 surgit
1516 2097 1667 2166 9999999999
1703 2085 1850 2166 ameliorare,
1872 2111 1923 2150 non
1942 2097 2102 2152 deteriorare
2120 2099 2137 2150 ll
2158 2099 2210 2152 785
2229 2115 2286 2166 arg.
2303 2101 2318 2150 9

349 2191 988 2256 99999999999,919999999999191;99199999
1025 2205 1056 2244 ex
1075 2193 1170 2244 virtute
1190 2193 1214 2242 99
1234 2191 1329 2254 pietate
1346 2187 1379 2240 lll
1397 2187 1449 2240 360
1469 2187 1530 2240 dn
1688 2215 1709 2240 μ
1757 2189 1948 2240 79999999-
1973 2185 2035 2240 Vide
2059 2187 2235 2244 1199199199.

1321 2483 1377 2594 U

403 2811 450 2864 liar
462 2841 497 2852 -
511 2813 702 2878 praesupponit
715 2812 802 2866 locum
818 2813 825 2864 l
839 2811 891 2864 999
903 2825 960 2876 arg.
975 2811 987 2862 1
1028 2823 1071 2862 ma
1099 2815 1140 2862 est
1165 2809 1192 2860 in
1220 2807 1353 2874 baptismo
1381 2809 1413 2862 11
1435 2809 1480 2860 601
1506 2807 1531 2860 9.
1553 2811 1563 2860 1
1586 2835 1623 2848 -
1640 2811 1666 2860 in
1702 2809 1867 2896 intirmorum
1886 2805 1922 2860 ab
1940 2805 2070 2872 apostolis
2090 2813 2193 2872 peracta
2212 2805 2246 2862 99.
2267 2807 2295 2860 9*
2307 2837 2341 2848 -·

406 2931 440 2940 --
460 2901 487 2952 Si
506 2901 592 2968 aliqua
621 2901 674 2952 duo
700 2907 761 2952 sunt
781 2899 990 2964 inseparabiliter
1027 2903 1134 2964 pectore
1160 2903 1188 2950 et
1211 2899 1238 2950 iu
1265 2897 1377 2962 spatulis
1402 2897 1530 2964 significat
1556 2899 1665 2962 gretiam
1703 2897 1800 2962 legitur
1817 2895 1851 2950 ab
1871 2895 2000 2958 apostolis
2018 2895 2335 2950 19909919991199091

348 2989 987 3056 99119,991999999999999991,9999199999,
1028 2987 1158 3040 unctionis
1177 2985 1210 3036 99
1224 2987 1310 3038 119999
1321 2985 1462 3038 amandum
1478 2991 1503 3038 et
1515 2985 1572 3038 eius
1583 2997 1665 3036 onera
1703 2987 1863 3040 ——ridetur
1889 2987 2033 3038 institutum
2063 2985 2143 3038 luisse
2163 2987 2187 3037 in
2217 2985 2340 3038 mandato

350 3075 991 3148 9191919999999999999919999991693191111
1027 3073 1207 3138 9999999911
1229 3075 1407 3126 198119-19
1430 3075 1525 3126 vertice
1546 3075 1666 3138 baptizati
1703 3073 1790 3128 iacobi
1808 3073 1842 3128 ib.
1862 3075 1878 3126 9.
1898 3075 1916 3126 9
1936 3103 1967 3110 -
1993 3075 2039 3126 lull
2065 3089 2079 3126 a
2109 3075 2201 3128 lacobo
2229 3075 2342 3140 promul-

350 3165 402 3220 999
424 3163 450 3216 1*
482 3215 483 3218 ,
1028 3163 1107 3216 19999
1133 3161 1316 3214 instruendum
1343 3163 1432 3226 potius
1458 3161 1592 3228 quemad
1613 3163 1668 3214 919-
1703 3169 1761 3228 gala
1781 3163 1815 3216 11
1844 3163 1894 3216 sot
1923 3159 1950 3214 9*
1981 3189 2013 3198 -
2039 3161 2157 3216 Christus
2185 3165 2235 3216 boc
2252 3165 2341 3216 Sacra-

403 3255 496 3316 099999
515 3279 549 3292 -
570 3267 620 3306 999
641 3251 772 3306 distribuit
796 3267 845 3318 pro
871 3251 990 3318 partibus
1027 3249 1323 3304 99999991111683*
1703 3257 1820 3302 mentum
1840 3265 1891 3306 non
1912 3249 2078 3304 9991991911
2100 3251 2145 3304 931
2172 3251 2222 3304 93

350 3351 379 3396 99
398 3357 473 3408 9999,
493 3341 539 3394 999
560 3341 738 3408 simplicitati
760 3339 810 3394 615
829 3341 845 3394 b
865 3369 900 3380 -
925 3341 986 3394 dicit
1081 3363 1114 3378 a·
1136 3339 1343 3404 99199199119999
1369 3339 1530 3392 confirmatio
1552 3339 1583 3392 11
1615 3339 1661 3390 601
1756 3369 1789 3378 -
1810 3339 2006 3392 sacramentalis
2034 3341 2163 3404 significat
2191 3343 2340 3394 unctionem

349 3433 555 3484 immensitatem
569 3435 637 3498 actu,
652 3433 712 3498 quia
731 3431 856 3496 importat
877 3429 989 3482 simulta-
1011 3427 1054 3480 .d.
1073 3431 1087 3480 9
1393 3471 1401 3486 ,
1704 3429 1845 3494 gratuitam
1866 3433 1890 3482 et
1908 3429 2085 3494 spiritualem,
2108 3443 2177 3496 quae
2195 3435 2235 3482 est
2252 3431 2276 3480 in
2290 3431 2342 3484 aui-

351 3521 404 3574 tem
422 3519 540 3572 locorum
562 3519 640 3570 1613
660 3517 813 3570 9*-3999
832 3519 1013 3588 9111999199
1079 3547 1114 3556 --
1134 3515 1241 3570 maioris
1259 3517 1480 3582 dignitatisestin
1496 3519 1665 3570 sacramento
1703 3519 2339 3584 9911599999.1-999919199999999999

348 3613 434 3676 portat
455 3609 699 3672 praesentialitatem
726 3607 832 3660 divinae
854 3609 991 3660 immensi·
1011 3607 1127 3682 {ordinis
1146 3605 1179 3656 11
1200 3607 1247 3658 601
1270 3605 1296 3658 d.
1318 3607 1326 3656 1
1350 3633 1387 3646 -
1409 3607 1578 3672 sacerdotum
1598 3607 1664 3672 liga·
1701 3609 1788 3674 aliqua
1808 3605 1968 3660 abundantia
1997 3607 2029 3660 11
2050 3607 2095 3660 till
2121 3607 2192 3660 b-
2211 3609 2341 3674 significat

348 3699 415 3762 tatis,
435 3697 476 3750 nel
490 3701 612 3750 connotat
625 3697 713 3750 locum
726 3699 846 3750 creatum
863 3699 919 3748 sire
933 3711 987 3748 retu
1011 3709 1082 3748 :ram
1102 3693 1236 3750 1991191919
1266 3695 1335 3760 Lege
1360 3695 1468 3746 11699
1492 3695 1605 3748 b-in
1627 3711 1665 3750 or·
1702 3699 1814 3762 gratiam
1834 3695 2155 3762 perlectam,seeundun1
2177 3711 2256 3764 uuam
2283 3699 2342 3764 quis

350 3783 428 3838 1619
455 3785 474 3838 b
499 3799 540 3852 su.
564 3813 599 3824 -
629 3785 699 3838 Dens
725 3793 765 3838 est
791 3783 906 3852 ubique,
928 3787 991 3852 9919
1012 3775 1086 3840 ῗ9199
1113 3797 1162 3836 999
1192 3785 1319 3848 imprimit
1345 3785 1521 3836 characterem
1552 3785 1584 3838 11
1614 3785 1664 3836 699
1703 3785 1852 3852 ungltarin
1873 3797 1971 3850 regem,
1992 3789 2019 3836 ut
2039 3785 2188 3850 teregnum
2207 3787 2340 3838 caelorum

349 3873 460 3938 simplex
476 3879 504 3926 et
522 3873 666 3924 imnrcrlsus
686 3873 693 3924 l
714 3873 990 3926 65519-3999991·
1013 3857 1044 3924 31.
1065 3873 1088 3926 9.
1108 3873 1158 3924 698
1180 3875 1345 3926 9-119999
1365 3873 1509 3926 9999999919
1526 3879 1662 3940 unguntur
1703 3875 1785 3938 possit
1804 3875 1908 3926 introire
1928 3871 1991 3928 ibid.
2021 3885 2024 3890 ·

347 3977 404 4030 ope
426 3967 468 4016 est
496 3963 548 4014 beo
579 3963 719 4026 proprium
746 3963 756 4014 1
783 3961 1084 4036 993999999199
1111 3969 1204 4014 sancto
1229 3967 1338 4026 propter
1367 3963 1522 4028 dignitatem
1547 3965 1688 4032 corporis
1754 3989 1792 4002 -=
1809 3961 1949 4016 introducit
1967 3961 2103 4014 hominem
2130 3963 2154 4014 19
2176 3975 2288 4028 regnum
2308 3963 2340 4014 11

352 4049 418 4104 Vide
441 4049 559 4104 111999
579 4045 617 4108 nt
638 4057 663 4102 99
686 4051 716 4102 V.
734 4047 857 4104 09919999
884 4047 934 4108 09.
953 4075 989 4090 -··
1012 4051 1167 4116 dominici,
1187 4051 1260 4116 quod
1272 4065 1324 4102 non
1337 4053 1602 4106 esiconlrectrpdum
1618 4053 1663 4104 nisi
1702 4051 1754 4104 599
1772 4065 1830 4116 arg.
1848 4053 1865 4104 9
1884 4079 1919 4088 -·
1937 4057 2052 4104 extrema
2081 4053 2126 4104 dat
2149 4051 2260 4116 gratiam
2282 4065 2340 4116 por·

348 4137 426 4206 Quod
444 4143 482 4190 esl
501 4139 600 4206 ubique
623 4143 708 4192 totum
731 4147 772 4192 est
794 4141 940 4206 aequaliter
964 4147 989 4192 et
1011 4141 1149 4204 manibus
1178 4143 1335 4192 consecratis
1363 4141 1396 4192 11
1425 4141 1475 4192 698
1505 4155 1520 4194 a
1549 4139 1613 4194 Vide
1636 4141 1662 4194 V.
1701 4141 1796 4192 lectam
1815 4139 1850 4194 ad
1867 4141 2059 4204 egrediendum
2078 4141 2112 4194 11
2135 4141 2181 4194 181
2205 4139 2236 4192 9*
2253 4167 2290 4180 -
2308 4141 2364 4196 sir

347 4227 536 4280 uniformitati
556 4227 606 4284 999
627 4229 719 4292 arpi
1028 4227 1245 4284 Ordo-mutarim
1265 4233 1288 4280 99
1312 4227 1341 4280 V.
1362 4227 1530 4284 Sacerdotes.
1703 4229 1809 4292 gnificat
1836 4229 1987 4282 unctionem
2018 4231 2130 4294 Spiritus
2157 4233 2254 4294 sancti,
2285 4231 2340 4282 sine

401 4313 727 4368 0999999-9919999999
741 4317 848 4368 unicum
861 4317 882 4368 ll
896 4315 947 4368 887
960 4313 1013 4382 3*·
1079 4343 1113 4356 -
1134 4317 1391 4380 episcoporumuon
1418 4319 1524 4382 respicit
1544 4317 1663 4370 ordinem
1702 4331 1755 4382 qua
1781 4317 1869 4370 nullus
1895 4317 2020 4382 recipitur
2051 4319 2074 4368 ln
2105 4317 2215 4370 Ecclesia
2248 4309 2356 4370 trium?

401 4429 435 4442 -··
455 4403 599 4470 aliqua-ndo
625 4415 678 4456 non
706 4419 733 4456 se
756 4401 836 4456 babet
859 4417 907 4470 per
936 4417 988 4464 mo·
1011 4403 1228 4480 jsacerdotalern,
1258 4407 1281 4456 in
1312 4411 1439 4472 quantum
1465 4411 1506 4458 est
1523 4407 1598 4470 ordo,
1619 4407 1664 4458 sed
1703 4405 1942 4470 9999911931

350 4491 413 4546 dum
432 4491 617 4556 complectenti
638 4493 656 4544 ll
675 4491 726 4542 905
746 4489 854 4546 91999
879 4491 907 4544 V.
920 4477 1111 4560 For-'magis
1132 4493 1283 4558 dignitatem
1313 4493 1346 4546 11
1373 4491 1424 4546 931
1445 4491 1663 4560 t*-ep-iseopt
1755 4519 1790 4534 -
1817 4499 1856 4548 999
1879 4495 2074 4548 Sacramentum
2101 4497 2264 4560 exeuntium,
2294 4497 2338 4564 qtri

348 4593 398 4634 9999
413 4581 439 4632 in
458 4581 546 4632 iudice
566 4581 662 4644 pallos
1011 4573 1665 4650 ῚΙ9999919919199,9919919991199999990991199991·
1702 4583 1726 4634 19
1748 4591 1830 4636 morte
1853 4583 2037 4650 egrediuntur,
2066 4589 2094 4636 99
2123 4581 2277 4638 9999999999
2308 4585 2339 4636 11

402 4671 477 4722 Uento
496 4695 532 4710 --
554 4667 616 4722 Vide
640 4669 667 4722 V.
693 4667 823 4722 11999919.
1010 4675 1140 4726 99991999
1157 4667 1220 4724 ibid.
1238 4699 1275 4712 —-
1293 4673 1407 4738 pontifici
1428 4673 1455 4726 119
1473 4675 1500 4724 19
1519 4675 1620 4740 capite,
1638 4675 1662 4726 in
1703 4673 1773 4726 531]

402 4757 491 4810 09999
513 4785 545 4812 ,-
564 4765 603 4810 999
628 4759 743 4824 privatio
766 4759 843 4824 lucie,
863 4773 933 4824 quae
952 4773 989 4812 re·
1026 4773 1081 4826 quo
1098 4759 1432 4824 significaturabundantia
1448 4763 1545 4828 gratiae
1566 4761 1662 4814 11698
1755 4787 1789 4800 -
1808 4761 1917 4826 Signum
1940 4767 2037 4814 tantem
2057 4771 2096 4814 est
2122 4763 2207 4816 unctio
2227 4765 2337 4814 anterior

348 4847 472 4902 sultater
489 4845 596 4900 obiectu
614 4849 732 4910 corporis
751 4849 988 4914 opaci,nonpura
1026 4863 1094 4902 a-
1112 4849 1197 4914 Caput
1224 4849 1353 4914 pontilicis
1382 4851 1488 4914 ungitur
1514 4851 1662 4918 chrismale,
1702 4851 1735 4902 11
1756 4851 1808 4902 nse
1827 4851 1843 4902 b
1864 4875 1897 4890 ·-
1927 4851 2000 4902 ilatio
2027 4851 2190 4904 Sacramenti
2215 4853 2338 4916 competit

348 4935 462 5004 privatio
485 4935 504 4987 ll
530 4935 585 4988 308
601 4935 626 4986 d.
647 4937 661 4986 9
680 4961 717 4980 -
734 4937 822 4988 statim
840 4943 987 5000 est,tp1am
1027 4943 1054 4990 99
1073 4937 1233 5004 siguttcetur
1252 4939 1401 4992 excellentia
1421 4941 1490 4992 ritae
1509 4941 1535 4992 in
1553 4953 1661 5004 conspe·
1703 4937 2057 4992 999919911190919.993
2080 4953 2092 4990 9
2114 4965 2148 4986 .-
2168 4937 2337 4992 019999999-

348 5025 402 5078 rite
417 5029 443 5076 et
461 5025 518 5090 lux,
536 5025 559 5076 99
584 5025 614 5076 919
633 5037 729 5088 999999
749 5025 900 5088 opacomei
919 5013 988 5076 obie·
1026 5025 1179 5080 99909119
1200 5027 1354 5080 conscientia
1376 5029 1662 5094 9919999999999199
1702 5033 1830 5082 secretum
1851 5031 1958 5094 proprie
1982 5041 2032 5080 999
2060 5033 2096 5080 999
2126 5031 2334 5096 Sacramentum,

349 5119 420 5166 99999
438 5113 460 5166 11
477 5115 514 5164 99
530 5111 546 5166 b
1027 5117 1131 5168 minum,
1147 5121 1276 5182 uua-ntum
1293 5115 1327 5174 ad
1338 5115 1443 5168 lamam
1462 5115 1524 5172 iord.
1701 5117 1749 5170 sed
1766 5117 1800 5170 ad
1820 5121 2017 5170 Sacramentum
2031 5117 2193 5180 ordinatum,
2208 5121 2270 5184 attia
2284 5133 2334 5172 non

401 5203 491 5254 -rei
512 5199 988 5268 nonhabetveritatemlttrllarg.6
1080 5229 1114 5244 -
1133 5205 1183 5256 9191
1203 5209 1286 5268 potest
1305 5203 1404 5258 babere
1420 5207 1564 5260 efficaciam
1583 5221 1614 5260 99
1628 5209 1663 5260 ri·
1702 5205 1779 5258 babel
1809 5219 1857 5258 nec
1884 5205 2025 5268 perlectam
2054 5205 2269 5268 significationem
2291 5221 2337 5260 nec

405 5319 440 5330 -
459 5289 583 5344 Creatara
609 5289 706 5342 dieitur
732 5289 846 5358 umbra,
861 5293 888 5342 19
907 5305 988 5358 9999-
1026 5300 1068 5347 tae
1087 5295 1179 5346 rnerito
1199 5295 1249 5346 viri
1269 5295 1349 5346 suncti
1370 5295 1401 5346 11
1421 5295 1473 5346 stt
1493 5295 1522 5346 6*
1703 5295 1947 5358 sanctifica-tionem,
1976 5307 2117 5360 quottsque
2140 5295 2285 5360 applicetur
2305 5297 2338 5346 in·

350 5387 406 5432 tum
423 5385 603 5444 repraesentat
622 5379 706 5430 Deum
725 5381 750 5430 in
778 5379 894 5446 quadam
920 5381 989 5434 elon
1079 5409 1115 5422 -
1134 5379 1250 5436 arincam
1264 5391 1301 5436 est
1314 5385 1512 5436 Sacramentum
1525 5385 1662 5448 proprium
1692 5383 1786 5446 llrmo,
1802 5387 1827 5434 et
1841 5383 2011 5446 superveniat
2028 5383 2196 5436 sacerdotalis
2209 5385 2292 5436 oratio
2306 5383 2337 5436 11

350 5471 456 5536 gatioue
473 5473 498 5520 et
518 5469 696 5520 coniuslonel
722 5467 757 5520 73
776 5483 791 5520 9
809 5495 846 5508 --
863 5469 987 5522 Ceratum
1028 5485 1112 5524 novae
1132 5473 1197 5536 legis
1224 5473 1260 5526 11
1287 5471 1334 5524 181
1358 5469 1395 5524 9*.
1415 5473 1463 5526 901
1486 5471 1558 5524 b-··
1577 5475 1601 5526 19
1622 5487 1664 5526 ve·
1703 5469 1754 5522 593
1772 5469 1803 5522 9*
1821 5497 1855 5510 -
1874 5473 2117 5524 consummatoria
2136 5473 2193 5538 ipsa
2214 5475 2336 5526 unctione

349 5561 377 5610 ui
397 5555 492 5610 untbra
511 5559 583 5610 ducit
608 5557 647 5608 99
671 5559 849 5622 cognitionem
872 5571 988 5612 cotnmu·
1026 5563 1073 5613 tori
1092 5560 1150 5626 lege
1179 5575 1229 5612 nou
1258 5559 1347 5614 babuit
1376 5561 1489 5626 liguram
1514 5573 1662 5626 expressam
1702 5559 1734 5610 lV
1754 5559 1910 5626 biburgi

351 5647 486 5710 9199999
504 5647 656 5698 9999999919
673 5643 709 5698 10.
736 5643 755 5696 b
779 5643 841 5700 Vide
862 5647 891 5698 V.
912 5643 988 5700 0999·
1026 5649 1058 5700 11
1080 5649 1126 5700 181
1151 5645 1190 5700 Si.
1208 5649 1255 5700 991
1279 5651 1295 5700 1.
1316 5649 1340 5714 9,
1361 5649 1381 5702 b
1754 5649 1901 5702 -11999919
1912 5655 2043 5702 9999999999
2058 5651 2187 5702 9999199919
2199 5657 2239 5702 999
2250 5651 2337 5702 oleum

350 5731 545 5788 iutro-umbra.
566 5757 601 5794 -ῳ
620 5733 733 5785 illandus
752 5739 792 5786 est
810 5733 988 5788 umbrasum-
1080 5739 1253 5790 -ultimum
1278 5739 1363 5790 locum
1394 5745 1461 5790 tenet
1485 5739 1551 5790 inter
1577 5739 1663 5792 Sacra·
1702 5745 1881 5790 consecratum
1900 5735 1935 5790 ab
1953 5739 2084 5802 Episcopo
2103 5739 2136 5790 11
2149 5739 2337 5790 bitiae-lla·

350 5835 408 5874 mae
425 5819 491 5872 lucis
511 5821 530 5872 ll
548 5823 583 5872 99
602 5819 619 5872 b
1026 5833 1126 5888 areum,
1146 5839 1214 5890 quae
1232 5825 1376 5888 respiciunt
1394 5839 1533 5890 personam
1553 5827 1587 5880 11
1612 5821 1656 5880 601
1702 5829 1764 5880 99919
1782 5827 1902 5880 elementi
1921 5833 1960 5880 999
1978 5829 2065 5880 oleum
2090 5835 2199 5892 propter
2217 5829 2336 5892 congrui·

410 5907 472 5964 Vide
487 5907 516 5960 V.
530 5909 720 5962 999-9919999
736 5907 768 5962 V.
782 5909 987 5964 Testamentum.
1027 5913 1052 5964 d.
1073 5913 1083 5964 1
1106 5937 1143 5950 -
1160 5915 1275 5964 eumenia
1303 5919 1483 5980 nuncupatur,
1509 5915 1569 5982 quia
1597 5917 1663 5970 inter
1701 5919 1778 5968 talem
1799 5917 1965 5978 Sacramentl,
1982 5915 2160 5980 potiusquam
2180 5917 2336 5970 elementum

405 5997 717 6064 Unctiones-inlotae
732 6003 805 6050 erant
825 5999 987 6064 figurativae,
1026 6001 1113 6052 omnia
1144 5999 1307 6052 Sacramenta
1338 6001 1428 6054 ultimo
1448 6003 1524 6056 datur
1546 6003 1609 6058 9999.
1631 6033 1662 6042 -
1701 6005 1869 6058 communius
1886 6001 1920 6056 ib.
1940 6003 1967 6054 1*
1986 6029 2021 6042 -
2039 6005 2148 6072 requirit
2165 6005 2253 6056 oleum
2273 6007 2337 6058 sim·

349 6103 404 6142 999
420 6091 552 6142 99990999
572 6087 604 6140 11
625 6087 674 6140 99
1027 6087 1122 6140 dicitur
1139 6093 1252 6138 extrema
1273 6087 1361 6140 saltem
1383 6091 1528 6144 secundum
1547 6099 1661 6146 nostram
1702 6093 1774 6158 pler,
1793 6107 1845 6146 non
1865 6093 1987 6158 mixtum,
2012 6093 2071 6158 quia
2090 6093 2126 6144 99
2144 6093 2292 6158 ingressum
2312 6095 2335 6144 in

402 6203 436 6216 -
454 6177 642 6240 9999999199
655 6177 789 6242 ungebant
809 6165 928 6230 infirmos
942 6191 988 6242 per
1026 6177 1176 6240 opinionem
1195 6173 1229 6230 91.
1249 6175 1277 6228 3*
1701 6167 1814 6246 gloriam·
1839 6181 1979 6246 requiritur
2007 6185 2032 6232 et
2061 6181 2154 6234 sullicit
2180 6177 2260 6234 bona
2276 6195 2337 6234 con-

349 6265 502 6330 mendatura
531 6265 626 6318 Geniali
650 6267 683 6318 11
710 6267 763 6320 530
781 6279 842 6332 999.
857 6263 882 6318 9.
902 6265 986 6318 5919
1079 6291 1113 6304 --
1134 6277 1184 6316 non
1205 6265 1341 6318 ridetura
1369 6267 1472 6322 Christo
1499 6273 1660 6334 institutum,
1701 6267 1902 6334 scientialia,
1925 6267 1953 6320 9*
2185 6259 2187 6266 ⁴

350 6381 383 6392 --
403 6353 520 6418 npouult
536 6355 713 6420 principaliter
725 6355 858 6420 erigebant
871 6355 988 6408 intirmos
1025 6353 1071 6408 scd
1092 6369 1105 6406 a
1126 6353 1222 6418 Spiritu
1242 6361 1332 6408 sancto
1345 6369 1393 6422 per
1405 6361 1550 6424 apiostolus,
1562 6375 1575 6410 a
1589 6357 1661 6412 Cbri·
1756 6385 1786 6396 -
1802 6359 1889 6410 Gratia
1901 6369 1997 6408 sanans
2009 6357 2169 6422 significatur
2180 6371 2226 6422 per
2240 6357 2335 6424 oleum,

351 6441 384 6506 99
403 6445 539 6496 sanitatem
556 6446 736 6510 corporalem,
759 6459 810 6498 non
831 6443 987 6498 adcuratio·
1025 6441 1662 6516 9999999199199999991199199995939-
1701 6447 1782 6510 gratia
1802 6437 1978 6498 9991999999
2006 6447 2147 6510 perlectam
2177 6449 2336 6500 curationem

350 6547 410 6586 nem
428 6533 591 6596 spiritualem
610 6533 644 6586 11
663 6533 715 6586 599
734 6531 764 6584 9*
1025 6533 1107 6586 119199
1122 6531 1281 6582 Sacra-menti
1299 6533 1423 6588 institutio
1445 6549 1494 6588 non
1515 6537 1662 6590 attribuitur
1701 6549 1748 6600 per
1766 6537 1854 6588 oleum
1875 6541 2056 6588 consecratum
2075 6535 2108 6588 lV
2129 6535 2180 6586 593
2200 6549 2211 6586 9
2234 6563 2267 6572 *-
2286 6537 2337 6588 119-

401 6648 438 6660 -
456 6621 549 6684 9919199
576 6621 684 6686 ligarata
713 6625 739 6672 19
767 6623 852 6674 David
877 6621 910 6676 11
936 6621 986 6674 177
1025 6621 1167 6686 apostolis,
1188 6617 1235 6672 sed
1265 6621 1369 6684 Spiritui
1396 6629 1483 6678 999999
1510 6625 1613 6678 11599
1635 6623 1662 6678 9*
1701 6623 2199 6690 99919999999999191999199991999,
2219 6637 2269 6676 non
2291 6625 2336 6676 luit

349 6711 375 6762 d.
395 6711 422 6762 9.
439 6711 486 6762 itt
509 6709 538 6762 9*
555 6737 596 6750 -
611 6711 646 6762 99
664 6709 723 6762 9199
740 6723 804 6762 cum
821 6711 941 6764 balsamo
962 6711 988 6762 69
1025 6735 1060 6750 -
1079 6725 1131 6762 999
1156 6713 1196 6760 999
1220 6709 1334 6762 instituta
1361 6711 1512 6780 abaliquo
1538 6715 1661 6780 Apostolo
1701 6711 1836 6766 aCbristo
1853 6713 2040 6766 sanctificatum
2070 6711 2141 6776 inid,
2172 6709 2201 6762 9*
2224 6737 2259 6750 -
2284 6725 2335 6764 999

350 6799 486 6864 baptizat-is
498 6801 523 6850 ln
537 6801 644 6864 verdae,
656 6799 882 6858 confinstandisin
895 6801 986 6864 199999,
1026 6813 1074 6864 pet·
1092 6813 1137 6864 se,
1154 6797 1233 6850 99919
1261 6801 1313 6850 1999
1337 6801 1449 6866 collegio
1471 6799 1533 6856 iaia.
1558 6815 1662 6856 -non
1701 6799 1778 6854 babel
1796 6801 2012 6868 significationem
2032 6813 2080 6852 neo
2098 6801 2336 6864 sanctificationem,

348 6887 514 6954 pontificibus
534 6889 558 6938 19
580 6887 665 6952 capite
683 6889 717 6942 lV
736 6887 789 6940 909
807 6889 835 6942 ul.
853 6891 867 6940 9
889 6915 925 6928 -
936 6891 987 6954 pri·
1025 6889 1072 6940 9919
1091 6889 1243 6952 institutum,
1259 6885 1305 6938 sed
1325 6889 1482 6942 insinuatum
1496 6891 1523 6942 19
1541 6891 1662 6944 99991999
1700 6893 1720 6944 91
1735 6891 1777 6944 099
1790 6891 1848 6944 9199
1862 6903 1912 6942 non
1927 6893 2078 6942 consecrato
2090 6887 2124 6942 ib.
2140 6887 2167 6938 1*
