<?xml version="1.0" encoding="UTF-8"?>
<!DOCTYPE html PUBLIC "-//W3C//DTD XHTML 1.0 Transitional//EN"
    "http://www.w3.org/TR/xhtml1/DTD/xhtml1-transitional.dtd">
<html xmlns="http://www.w3.org/1999/xhtml" xml:lang="en" lang="en">
 <head>
  <title>
</title>
<meta http-equiv="Content-Type" content="text/html;charset=utf-8" />
  <meta name='ocr-system' content='tesseract 3.04.00' />
  <meta name='ocr-capabilities' content='ocr_page ocr_carea ocr_par ocr_line ocrx_word'/>
</head>
<body>
  <div class='ocr_page' id='page_1' title='image "./doctorisseraphi00italgoog/doctorisseraphi00italgoog_0509.png"; bbox 0 0 5800 8400; ppageno 0'>
   <div class='ocr_carea' id='block_1_1' title="bbox 401 603 2387 2946">
    <p class='ocr_par' dir='ltr' id='par_1_1' title="bbox 693 603 2102 750">
     <span class='ocr_line' id='line_1_1' title="bbox 724 603 1547 672; baseline 0.002 -4"><span class='ocrx_word' id='word_1_1' title='bbox 724 649 725 652; x_wconf 10' lang='grc' dir='ltr'><strong><em>κ</em></strong></span> <span class='ocrx_word' id='word_1_2' title='bbox 1254 603 1368 670; x_wconf 81' lang='lat' dir='ltr'><strong>inusti</strong></span> <span class='ocrx_word' id='word_1_3' title='bbox 1392 605 1547 672; x_wconf 85' lang='grc'>4044404</span> 
     </span>
     <span class='ocr_line' id='line_1_2' title="bbox 693 689 2102 750; baseline -0.001 0"><span class='ocrx_word' id='word_1_4' title='bbox 693 689 745 742; x_wconf 82' lang='lat' dir='ltr'><strong>iiiii</strong></span> <span class='ocrx_word' id='word_1_5' title='bbox 2051 697 2102 750; x_wconf 79' lang='lat' dir='ltr'><strong>Uli</strong></span> 
     </span>
    </p>

    <p class='ocr_par' dir='ltr' id='par_1_2' title="bbox 409 773 2387 1108">
     <span class='ocr_line' id='line_1_3' title="bbox 464 773 2385 846; baseline 0.004 -18"><span class='ocrx_word' id='word_1_6' title='bbox 464 805 495 816; x_wconf 85' lang='lat'><strong>-</strong></span> <span class='ocrx_word' id='word_1_7' title='bbox 518 779 540 828; x_wconf 89' lang='lat' dir='ltr'><strong>Si</strong></span> <span class='ocrx_word' id='word_1_8' title='bbox 560 775 667 842; x_wconf 84' lang='lat' dir='ltr'>aliquod</span> <span class='ocrx_word' id='word_1_9' title='bbox 687 775 775 828; x_wconf 90' lang='lat' dir='ltr'><strong>unitur</strong></span> <span class='ocrx_word' id='word_1_10' title='bbox 792 775 924 840; x_wconf 75' lang='lat' dir='ltr'>aliquibus</span> <span class='ocrx_word' id='word_1_11' title='bbox 946 773 1041 838; x_wconf 87' lang='lat' dir='ltr'><strong>divisis,</strong></span> <span class='ocrx_word' id='word_1_12' title='bbox 1082 775 1245 840; x_wconf 88' lang='lat' dir='ltr'><strong>divisionem,</strong></span> <span class='ocrx_word' id='word_1_13' title='bbox 1265 779 1424 830; x_wconf 81' lang='lat' dir='ltr'><strong>convertitur</strong></span> <span class='ocrx_word' id='word_1_14' title='bbox 1443 791 1504 830; x_wconf 91' lang='lat' dir='ltr'><strong>cum</strong></span> <span class='ocrx_word' id='word_1_15' title='bbox 1523 787 1581 832; x_wconf 91' lang='lat' dir='ltr'><strong>ente</strong></span> <span class='ocrx_word' id='word_1_16' title='bbox 1599 775 1715 832; x_wconf 87' lang='grc'>45404*</span> <span class='ocrx_word' id='word_1_17' title='bbox 1754 781 1804 832; x_wconf 94' lang='grc'><strong>400</strong></span> <span class='ocrx_word' id='word_1_18' title='bbox 1823 779 2095 838; x_wconf 88' lang='lat' dir='ltr'><strong>b-estsccnndum</strong></span> <span class='ocrx_word' id='word_1_19' title='bbox 2111 783 2224 846; x_wconf 88' lang='lat' dir='ltr'><strong>speciem</strong></span> <span class='ocrx_word' id='word_1_20' title='bbox 2238 789 2261 834; x_wconf 89' lang='lat' dir='ltr'><strong>et</strong></span> <span class='ocrx_word' id='word_1_21' title='bbox 2276 785 2385 836; x_wconf 84' lang='lat' dir='ltr'><strong>iorntam</strong></span> 
     </span>
     <span class='ocr_line' id='line_1_4' title="bbox 410 853 2387 930; baseline 0.004 -14"><span class='ocrx_word' id='word_1_22' title='bbox 410 867 496 918; x_wconf 90' lang='lat' dir='ltr'><strong>unitur</strong></span> <span class='ocrx_word' id='word_1_23' title='bbox 515 865 552 916; x_wconf 89' lang='lat' dir='ltr'><strong>eis</strong></span> <span class='ocrx_word' id='word_1_24' title='bbox 572 865 681 916; x_wconf 88' lang='lat' dir='ltr'><strong>diversis</strong></span> <span class='ocrx_word' id='word_1_25' title='bbox 695 861 836 914; x_wconf 89' lang='lat' dir='ltr'><strong>unionibus</strong></span> <span class='ocrx_word' id='word_1_26' title='bbox 848 861 876 914; x_wconf 92' lang='lat' dir='ltr'><strong>lli</strong></span> <span class='ocrx_word' id='word_1_27' title='bbox 891 859 942 914; x_wconf 90' lang='grc'><strong>440</strong></span> <span class='ocrx_word' id='word_1_28' title='bbox 956 861 1041 924; x_wconf 56' lang='lat' dir='ltr'><strong>arpi</strong></span> <span class='ocrx_word' id='word_1_29' title='bbox 1080 853 1220 916; x_wconf 86' lang='lat' dir='ltr'><strong>-llnum</strong></span> <span class='ocrx_word' id='word_1_30' title='bbox 1234 865 1320 916; x_wconf 90' lang='lat' dir='ltr'><strong>solum</strong></span> <span class='ocrx_word' id='word_1_31' title='bbox 1334 865 1359 914; x_wconf 92' lang='lat' dir='ltr'><strong>in</strong></span> <span class='ocrx_word' id='word_1_32' title='bbox 1373 869 1464 916; x_wconf 90' lang='lat' dir='ltr'><strong>neutro</strong></span> <span class='ocrx_word' id='word_1_33' title='bbox 1477 865 1603 930; x_wconf 89' lang='lat' dir='ltr'><strong>accipitur</strong></span> <span class='ocrx_word' id='word_1_34' title='bbox 1618 871 1644 916; x_wconf 91' lang='grc'><strong>04</strong></span> <span class='ocrx_word' id='word_1_35' title='bbox 1655 877 1715 916; x_wconf 86' lang='grc' dir='ltr'><strong>4οο</strong></span> <span class='ocrx_word' id='word_1_36' title='bbox 1752 879 1935 930; x_wconf 90' lang='lat' dir='ltr'><strong>communem,</strong></span> <span class='ocrx_word' id='word_1_37' title='bbox 1956 879 2002 922; x_wconf 93' lang='lat' dir='ltr'><strong>aut</strong></span> <span class='ocrx_word' id='word_1_38' title='bbox 2028 871 2175 924; x_wconf 84' lang='lat' dir='ltr'><strong>sccuttdum</strong></span> <span class='ocrx_word' id='word_1_39' title='bbox 2203 883 2342 922; x_wconf 84' lang='lat' dir='ltr'><strong>nanterum</strong></span> <span class='ocrx_word' id='word_1_40' title='bbox 2363 875 2387 922; x_wconf 88' lang='lat' dir='ltr'><strong>et</strong></span> 
     </span>
     <span class='ocr_line' id='line_1_5' title="bbox 409 945 2386 1024; baseline 0.002 -18"><span class='ocrx_word' id='word_1_41' title='bbox 409 979 441 988; x_wconf 95' lang='lat'>-</span> <span class='ocrx_word' id='word_1_42' title='bbox 462 955 612 1006; x_wconf 89' lang='lat' dir='ltr'><strong>numeratur</strong></span> <span class='ocrx_word' id='word_1_43' title='bbox 632 945 1041 1016; x_wconf 65' lang='grc'>44440444040040444440444.</span> <span class='ocrx_word' id='word_1_44' title='bbox 1081 949 1200 1004; x_wconf 89' lang='lat' dir='ltr'><strong>vertibile</strong></span> <span class='ocrx_word' id='word_1_45' title='bbox 1217 963 1277 1004; x_wconf 90' lang='lat' dir='ltr'><strong>cum</strong></span> <span class='ocrx_word' id='word_1_46' title='bbox 1290 951 1436 1004; x_wconf 85' lang='grc'>44044424</span> <span class='ocrx_word' id='word_1_47' title='bbox 1451 949 1630 1018; x_wconf 89' lang='lat' dir='ltr'><strong>l*—Omne,</strong></span> <span class='ocrx_word' id='word_1_48' title='bbox 1643 953 1713 1018; x_wconf 89' lang='lat' dir='ltr'><strong>quod</strong></span> <span class='ocrx_word' id='word_1_49' title='bbox 1752 955 1917 1018; x_wconf 89' lang='lat' dir='ltr'><strong>suppositum</strong></span> <span class='ocrx_word' id='word_1_50' title='bbox 1938 955 1954 1008; x_wconf 93' lang='lat' dir='ltr'><strong>ll</strong></span> <span class='ocrx_word' id='word_1_51' title='bbox 1973 959 2019 1008; x_wconf 84' lang='grc'><strong>704</strong></span> <span class='ocrx_word' id='word_1_52' title='bbox 2047 959 2123 1012; x_wconf 75' lang='grc'><strong>6-</strong></span> <span class='ocrx_word' id='word_1_53' title='bbox 2145 961 2239 1024; x_wconf 81' lang='lat' dir='ltr'><strong>Aliqua</strong></span> <span class='ocrx_word' id='word_1_54' title='bbox 2264 959 2386 1010; x_wconf 90' lang='lat' dir='ltr'><strong>dicuntur</strong></span> 
     </span>
     <span class='ocr_line' id='line_1_6' title="bbox 410 1039 2385 1108; baseline 0.005 -20"><span class='ocrx_word' id='word_1_55' title='bbox 410 1039 432 1090; x_wconf 93' lang='grc'><strong>4.</strong></span> <span class='ocrx_word' id='word_1_56' title='bbox 455 1039 497 1090; x_wconf 91' lang='grc'><strong>444</strong></span> <span class='ocrx_word' id='word_1_57' title='bbox 524 1053 538 1090; x_wconf 87' lang='grc'><strong>4</strong></span> <span class='ocrx_word' id='word_1_58' title='bbox 733 1087 734 1090; x_wconf 74' lang='grc'>,</span> <span class='ocrx_word' id='word_1_59' title='bbox 1081 1043 1128 1100; x_wconf 88' lang='grc'>444,</span> <span class='ocrx_word' id='word_1_60' title='bbox 1146 1039 1206 1090; x_wconf 91' lang='lat' dir='ltr'><strong>ideo</strong></span> <span class='ocrx_word' id='word_1_61' title='bbox 1224 1045 1275 1106; x_wconf 88' lang='lat' dir='ltr'><strong>est,</strong></span> <span class='ocrx_word' id='word_1_62' title='bbox 1295 1039 1354 1104; x_wconf 91' lang='lat' dir='ltr'><strong>quia</strong></span> <span class='ocrx_word' id='word_1_63' title='bbox 1376 1053 1457 1092; x_wconf 92' lang='lat' dir='ltr'><strong>unum</strong></span> <span class='ocrx_word' id='word_1_64' title='bbox 1477 1041 1565 1092; x_wconf 90' lang='lat' dir='ltr'><strong>estlll</strong></span> <span class='ocrx_word' id='word_1_65' title='bbox 1583 1039 1635 1092; x_wconf 87' lang='grc'><strong>432</strong></span> <span class='ocrx_word' id='word_1_66' title='bbox 1653 1039 1670 1090; x_wconf 91' lang='grc'><strong>4.</strong></span> <span class='ocrx_word' id='word_1_67' title='bbox 1691 1043 1714 1092; x_wconf 92' lang='grc'>2.</span> <span class='ocrx_word' id='word_1_68' title='bbox 1753 1055 1833 1092; x_wconf 90' lang='lat' dir='ltr'><strong>uuum</strong></span> <span class='ocrx_word' id='word_1_69' title='bbox 1855 1055 1901 1106; x_wconf 89' lang='lat' dir='ltr'><strong>per</strong></span> <span class='ocrx_word' id='word_1_70' title='bbox 1921 1047 2127 1098; x_wconf 70' lang='lat' dir='ltr'><strong>convenientiam</strong></span> <span class='ocrx_word' id='word_1_71' title='bbox 2156 1047 2183 1100; x_wconf 94' lang='lat' dir='ltr'><strong>in</strong></span> <span class='ocrx_word' id='word_1_72' title='bbox 2210 1053 2316 1108; x_wconf 90' lang='lat' dir='ltr'><strong>natura,</strong></span> <span class='ocrx_word' id='word_1_73' title='bbox 2345 1045 2385 1098; x_wconf 88' lang='lat' dir='ltr'><strong>rel</strong></span> 
     </span>
    </p>

    <p class='ocr_par' dir='ltr' id='par_1_3' title="bbox 407 1123 2385 1542">
     <span class='ocr_line' id='line_1_7' title="bbox 460 1123 2385 1198; baseline 0.005 -22"><span class='ocrx_word' id='word_1_74' title='bbox 460 1151 495 1166; x_wconf 93' lang='lat'><em>-</em></span> <span class='ocrx_word' id='word_1_75' title='bbox 515 1125 593 1188; x_wconf 92' lang='lat' dir='ltr'><strong>lllud,</strong></span> <span class='ocrx_word' id='word_1_76' title='bbox 611 1139 660 1188; x_wconf 87' lang='lat' dir='ltr'><strong>per</strong></span> <span class='ocrx_word' id='word_1_77' title='bbox 677 1123 750 1192; x_wconf 92' lang='lat' dir='ltr'><strong>quod</strong></span> <span class='ocrx_word' id='word_1_78' title='bbox 776 1125 936 1178; x_wconf 88' lang='lat' dir='ltr'><strong>reducuntur</strong></span> <span class='ocrx_word' id='word_1_79' title='bbox 956 1123 1040 1190; x_wconf 91' lang='lat' dir='ltr'><strong>aliqua</strong></span> <span class='ocrx_word' id='word_1_80' title='bbox 1083 1125 1132 1176; x_wconf 88' lang='grc'><strong>448</strong></span> <span class='ocrx_word' id='word_1_81' title='bbox 1151 1127 1167 1178; x_wconf 92' lang='grc'><strong>4.</strong></span> <span class='ocrx_word' id='word_1_82' title='bbox 1182 1127 1197 1178; x_wconf 90' lang='grc'><strong>3</strong></span> <span class='ocrx_word' id='word_1_83' title='bbox 1210 1153 1245 1164; x_wconf 90' lang='lat'>-</span> <span class='ocrx_word' id='word_1_84' title='bbox 1259 1127 1324 1178; x_wconf 88' lang='lat' dir='ltr'><strong>Nihil</strong></span> <span class='ocrx_word' id='word_1_85' title='bbox 1344 1133 1428 1190; x_wconf 87' lang='lat' dir='ltr'><strong>potest</strong></span> <span class='ocrx_word' id='word_1_86' title='bbox 1446 1141 1512 1190; x_wconf 89' lang='lat' dir='ltr'><strong>esse,</strong></span> <span class='ocrx_word' id='word_1_87' title='bbox 1524 1127 1573 1180; x_wconf 90' lang='lat' dir='ltr'><strong>nisi</strong></span> <span class='ocrx_word' id='word_1_88' title='bbox 1585 1127 1619 1180; x_wconf 89' lang='lat' dir='ltr'><strong>sit</strong></span> <span class='ocrx_word' id='word_1_89' title='bbox 1633 1139 1713 1180; x_wconf 84' lang='lat' dir='ltr'><strong>tinum</strong></span> <span class='ocrx_word' id='word_1_90' title='bbox 1751 1141 1798 1192; x_wconf 88' lang='lat' dir='ltr'><strong>per</strong></span> <span class='ocrx_word' id='word_1_91' title='bbox 1817 1131 2021 1184; x_wconf 77' lang='lat' dir='ltr'><strong>convenientiam</strong></span> <span class='ocrx_word' id='word_1_92' title='bbox 2042 1135 2067 1184; x_wconf 93' lang='lat' dir='ltr'><strong>in</strong></span> <span class='ocrx_word' id='word_1_93' title='bbox 2087 1123 2197 1198; x_wconf 86' lang='lat' dir='ltr'><strong>persona</strong></span> <span class='ocrx_word' id='word_1_94' title='bbox 2216 1135 2245 1186; x_wconf 91' lang='grc'><strong>444</strong></span> <span class='ocrx_word' id='word_1_95' title='bbox 2260 1133 2310 1184; x_wconf 90' lang='grc'><strong>463</strong></span> <span class='ocrx_word' id='word_1_96' title='bbox 2323 1147 2337 1184; x_wconf 88' lang='grc'><strong>4</strong></span> <span class='ocrx_word' id='word_1_97' title='bbox 2352 1159 2385 1172; x_wconf 84' lang='lat'><strong>-</strong></span> 
     </span>
     <span class='ocr_line' id='line_1_8' title="bbox 408 1211 2385 1286; baseline 0.004 -22"><span class='ocrx_word' id='word_1_98' title='bbox 408 1213 511 1268; x_wconf 86' lang='lat' dir='ltr'><strong>diversa</strong></span> <span class='ocrx_word' id='word_1_99' title='bbox 530 1213 563 1264; x_wconf 90' lang='lat' dir='ltr'><strong>ad</strong></span> <span class='ocrx_word' id='word_1_100' title='bbox 578 1213 753 1276; x_wconf 87' lang='lat' dir='ltr'><strong>concordiam,</strong></span> <span class='ocrx_word' id='word_1_101' title='bbox 767 1225 819 1264; x_wconf 88' lang='lat' dir='ltr'><strong>non</strong></span> <span class='ocrx_word' id='word_1_102' title='bbox 832 1211 909 1264; x_wconf 87' lang='lat' dir='ltr'><strong>babet</strong></span> <span class='ocrx_word' id='word_1_103' title='bbox 922 1219 1041 1264; x_wconf 89' lang='lat' dir='ltr'><strong>naturam</strong></span> <span class='ocrx_word' id='word_1_104' title='bbox 1081 1213 1107 1264; x_wconf 92' lang='grc'><strong>444</strong></span> <span class='ocrx_word' id='word_1_105' title='bbox 1129 1213 1179 1266; x_wconf 87' lang='grc'><strong>228</strong></span> <span class='ocrx_word' id='word_1_106' title='bbox 1199 1213 1216 1264; x_wconf 90' lang='grc'><strong>4.</strong></span> <span class='ocrx_word' id='word_1_107' title='bbox 1236 1213 1261 1268; x_wconf 88' lang='lat'><strong>3.</strong></span> <span class='ocrx_word' id='word_1_108' title='bbox 1279 1213 1303 1264; x_wconf 89' lang='lat' dir='ltr'>V</span> <span class='ocrx_word' id='word_1_109' title='bbox 1324 1213 1351 1264; x_wconf 89' lang='grc'><strong>64</strong></span> <span class='ocrx_word' id='word_1_110' title='bbox 1376 1231 1389 1266; x_wconf 88' lang='grc'><strong>4</strong></span> <span class='ocrx_word' id='word_1_111' title='bbox 1751 1215 1855 1282; x_wconf 81' lang='lat' dir='ltr'><strong>Aliquid</strong></span> <span class='ocrx_word' id='word_1_112' title='bbox 1874 1221 1911 1268; x_wconf 88' lang='grc'><strong>444</strong></span> <span class='ocrx_word' id='word_1_113' title='bbox 1933 1231 2012 1270; x_wconf 92' lang='lat' dir='ltr'><strong>unum</strong></span> <span class='ocrx_word' id='word_1_114' title='bbox 2024 1221 2052 1270; x_wconf 92' lang='lat' dir='ltr'><strong>in</strong></span> <span class='ocrx_word' id='word_1_115' title='bbox 2065 1231 2165 1286; x_wconf 82' lang='lat' dir='ltr'><strong>tutiora,</strong></span> <span class='ocrx_word' id='word_1_116' title='bbox 2179 1229 2223 1274; x_wconf 89' lang='lat' dir='ltr'><strong>aut</strong></span> <span class='ocrx_word' id='word_1_117' title='bbox 2236 1223 2259 1272; x_wconf 95' lang='lat' dir='ltr'><strong>in</strong></span> <span class='ocrx_word' id='word_1_118' title='bbox 2273 1235 2385 1286; x_wconf 86' lang='lat' dir='ltr'><strong>persona</strong></span> 
     </span>
     <span class='ocr_line' id='line_1_9' title="bbox 407 1299 2385 1370; baseline 0.004 -16"><span class='ocrx_word' id='word_1_119' title='bbox 407 1301 516 1354; x_wconf 87' lang='lat' dir='ltr'><strong>alicuius</strong></span> <span class='ocrx_word' id='word_1_120' title='bbox 528 1301 640 1366; x_wconf 90' lang='lat' dir='ltr'><strong>illorum,</strong></span> <span class='ocrx_word' id='word_1_121' title='bbox 652 1299 698 1352; x_wconf 88' lang='lat' dir='ltr'><strong>sed</strong></span> <span class='ocrx_word' id='word_1_122' title='bbox 713 1307 803 1364; x_wconf 91' lang='lat' dir='ltr'><strong>potens</strong></span> <span class='ocrx_word' id='word_1_123' title='bbox 816 1309 945 1364; x_wconf 89' lang='lat' dir='ltr'><strong>estsuper</strong></span> <span class='ocrx_word' id='word_1_124' title='bbox 956 1301 1041 1352; x_wconf 90' lang='lat' dir='ltr'><strong>omnia</strong></span> <span class='ocrx_word' id='word_1_125' title='bbox 1133 1327 1167 1342; x_wconf 88' lang='lat'><em>-</em></span> <span class='ocrx_word' id='word_1_126' title='bbox 1189 1301 1271 1354; x_wconf 90' lang='lat' dir='ltr'><strong>Unum</strong></span> <span class='ocrx_word' id='word_1_127' title='bbox 1290 1303 1406 1354; x_wconf 91' lang='lat' dir='ltr'><strong>nominat</strong></span> <span class='ocrx_word' id='word_1_128' title='bbox 1422 1315 1468 1354; x_wconf 88' lang='lat' dir='ltr'><strong>ens</strong></span> <span class='ocrx_word' id='word_1_129' title='bbox 1494 1309 1521 1354; x_wconf 92' lang='lat' dir='ltr'><strong>ut</strong></span> <span class='ocrx_word' id='word_1_130' title='bbox 1546 1313 1713 1354; x_wconf 88' lang='lat' dir='ltr'><strong>connumera·</strong></span> <span class='ocrx_word' id='word_1_131' title='bbox 1752 1303 1842 1356; x_wconf 88' lang='grc'>444432</span> <span class='ocrx_word' id='word_1_132' title='bbox 1858 1303 1912 1354; x_wconf 84' lang='grc'><strong>42.</strong></span> <span class='ocrx_word' id='word_1_133' title='bbox 1929 1303 1978 1354; x_wconf 83' lang='grc'><strong>430</strong></span> <span class='ocrx_word' id='word_1_134' title='bbox 1998 1321 2053 1370; x_wconf 82' lang='lat' dir='ltr'><strong>arg.</strong></span> <span class='ocrx_word' id='word_1_135' title='bbox 2073 1309 2097 1360; x_wconf 87' lang='grc'><strong>4.</strong></span> <span class='ocrx_word' id='word_1_136' title='bbox 2119 1309 2139 1362; x_wconf 91' lang='lat' dir='ltr'>V</span> <span class='ocrx_word' id='word_1_137' title='bbox 2159 1309 2208 1360; x_wconf 90' lang='grc'><strong>242</strong></span> <span class='ocrx_word' id='word_1_138' title='bbox 2231 1309 2248 1360; x_wconf 91' lang='grc'><strong>0</strong></span> <span class='ocrx_word' id='word_1_139' title='bbox 2267 1339 2302 1348; x_wconf 87' lang='lat'>-</span> <span class='ocrx_word' id='word_1_140' title='bbox 2319 1309 2385 1360; x_wconf 89' lang='lat' dir='ltr'><strong>Unio</strong></span> 
     </span>
     <span class='ocr_line' id='line_1_10' title="bbox 407 1387 2385 1460; baseline 0.004 -20"><span class='ocrx_word' id='word_1_141' title='bbox 407 1389 424 1440; x_wconf 91' lang='lat' dir='ltr'><strong>li</strong></span> <span class='ocrx_word' id='word_1_142' title='bbox 446 1389 494 1442; x_wconf 90' lang='grc'><strong>330</strong></span> <span class='ocrx_word' id='word_1_143' title='bbox 515 1391 532 1442; x_wconf 90' lang='lat' dir='ltr'><strong>i.</strong></span> <span class='ocrx_word' id='word_1_144' title='bbox 549 1389 566 1438; x_wconf 89' lang='grc'>6</span> <span class='ocrx_word' id='word_1_145' title='bbox 586 1417 619 1426; x_wconf 86' lang='lat'>-</span> <span class='ocrx_word' id='word_1_146' title='bbox 640 1389 717 1442; x_wconf 83' lang='lat' dir='ltr'><strong>linire</strong></span> <span class='ocrx_word' id='word_1_147' title='bbox 741 1403 783 1442; x_wconf 89' lang='lat' dir='ltr'><strong>res</strong></span> <span class='ocrx_word' id='word_1_148' title='bbox 807 1395 846 1442; x_wconf 89' lang='lat' dir='ltr'><strong>esi</strong></span> <span class='ocrx_word' id='word_1_149' title='bbox 871 1389 1001 1452; x_wconf 89' lang='lat' dir='ltr'><strong>potentiae</strong></span> <span class='ocrx_word' id='word_1_150' title='bbox 1023 1387 1041 1438; x_wconf 96' lang='lat' dir='ltr'><strong>ll</strong></span> <span class='ocrx_word' id='word_1_151' title='bbox 1080 1389 1132 1442; x_wconf 89' lang='lat' dir='ltr'><strong>bile</strong></span> <span class='ocrx_word' id='word_1_152' title='bbox 1150 1391 1171 1442; x_wconf 91' lang='lat' dir='ltr'>V</span> <span class='ocrx_word' id='word_1_153' title='bbox 1193 1389 1277 1442; x_wconf 90' lang='grc'>2454</span> <span class='ocrx_word' id='word_1_154' title='bbox 1751 1395 1788 1444; x_wconf 86' lang='grc'><strong>444</strong></span> <span class='ocrx_word' id='word_1_155' title='bbox 1808 1389 1952 1442; x_wconf 87' lang='lat' dir='ltr'><strong>secundum</strong></span> <span class='ocrx_word' id='word_1_156' title='bbox 1973 1393 2092 1456; x_wconf 81' lang='lat' dir='ltr'><strong>iornaam,</strong></span> <span class='ocrx_word' id='word_1_157' title='bbox 2105 1403 2148 1444; x_wconf 93' lang='lat' dir='ltr'><strong>aut</strong></span> <span class='ocrx_word' id='word_1_158' title='bbox 2168 1397 2313 1448; x_wconf 81' lang='lat' dir='ltr'><strong>secundnm</strong></span> <span class='ocrx_word' id='word_1_159' title='bbox 2326 1409 2385 1460; x_wconf 84' lang='lat' dir='ltr'><strong>sup</strong></span> 
     </span>
     <span class='ocr_line' id='line_1_11' title="bbox 407 1475 2264 1542; baseline 0.004 -14"><span class='ocrx_word' id='word_1_160' title='bbox 407 1477 460 1528; x_wconf 88' lang='grc'><strong>867</strong></span> <span class='ocrx_word' id='word_1_161' title='bbox 470 1477 590 1530; x_wconf 66' lang='grc'>42444444</span> <span class='ocrx_word' id='word_1_162' title='bbox 603 1477 631 1528; x_wconf 85' lang='lat' dir='ltr'>V.</span> <span class='ocrx_word' id='word_1_163' title='bbox 644 1475 798 1532; x_wconf 82' lang='grc'>0404004444</span> <span class='ocrx_word' id='word_1_164' title='bbox 811 1477 837 1528; x_wconf 91' lang='lat' dir='ltr'><strong>in</strong></span> <span class='ocrx_word' id='word_1_165' title='bbox 851 1477 936 1528; x_wconf 90' lang='lat' dir='ltr'><strong>indice</strong></span> <span class='ocrx_word' id='word_1_166' title='bbox 951 1489 1040 1540; x_wconf 78' lang='lat' dir='ltr'><strong>gener.</strong></span> <span class='ocrx_word' id='word_1_167' title='bbox 1131 1505 1165 1518; x_wconf 83' lang='lat'><strong>·-</strong></span> <span class='ocrx_word' id='word_1_168' title='bbox 1185 1483 1222 1530; x_wconf 88' lang='lat' dir='ltr'><strong>est</strong></span> <span class='ocrx_word' id='word_1_169' title='bbox 1241 1477 1385 1530; x_wconf 88' lang='lat' dir='ltr'><strong>substantia</strong></span> <span class='ocrx_word' id='word_1_170' title='bbox 1406 1491 1458 1528; x_wconf 94' lang='lat' dir='ltr'><strong>non</strong></span> <span class='ocrx_word' id='word_1_171' title='bbox 1484 1475 1583 1528; x_wconf 87' lang='lat' dir='ltr'><strong>habens</strong></span> <span class='ocrx_word' id='word_1_172' title='bbox 1608 1477 1713 1540; x_wconf 87' lang='lat' dir='ltr'><strong>positio·</strong></span> <span class='ocrx_word' id='word_1_173' title='bbox 1751 1479 1863 1542; x_wconf 89' lang='lat' dir='ltr'><strong>positum</strong></span> <span class='ocrx_word' id='word_1_174' title='bbox 1883 1479 1910 1528; x_wconf 95' lang='lat' dir='ltr'><strong>lll</strong></span> <span class='ocrx_word' id='word_1_175' title='bbox 1933 1479 1982 1532; x_wconf 90' lang='grc'><strong>423</strong></span> <span class='ocrx_word' id='word_1_176' title='bbox 2001 1477 2030 1530; x_wconf 87' lang='grc'><strong>3*</strong></span> <span class='ocrx_word' id='word_1_177' title='bbox 2054 1479 2115 1534; x_wconf 82' lang='lat' dir='ltr'><strong>Vide</strong></span> <span class='ocrx_word' id='word_1_178' title='bbox 2138 1483 2166 1534; x_wconf 86' lang='lat' dir='ltr'>V.</span> <span class='ocrx_word' id='word_1_179' title='bbox 2185 1483 2264 1538; x_wconf 87' lang='lat' dir='ltr'><strong>Idem.</strong></span> 
     </span>
    </p>

    <p class='ocr_par' dir='ltr' id='par_1_4' title="bbox 406 1563 2384 1812">
     <span class='ocr_line' id='line_1_12' title="bbox 458 1563 2383 1634; baseline 0.003 -16"><span class='ocrx_word' id='word_1_180' title='bbox 458 1591 493 1606; x_wconf 88' lang='lat'><em>-</em></span> <span class='ocrx_word' id='word_1_181' title='bbox 512 1565 613 1630; x_wconf 83' lang='lat' dir='ltr'><strong>Aliquitl</strong></span> <span class='ocrx_word' id='word_1_182' title='bbox 635 1567 721 1616; x_wconf 90' lang='lat' dir='ltr'><strong>unitur</strong></span> <span class='ocrx_word' id='word_1_183' title='bbox 739 1565 817 1618; x_wconf 87' lang='lat' dir='ltr'><strong>alicui</strong></span> <span class='ocrx_word' id='word_1_184' title='bbox 835 1563 979 1616; x_wconf 88' lang='lat' dir='ltr'><strong>secundum</strong></span> <span class='ocrx_word' id='word_1_185' title='bbox 999 1579 1039 1616; x_wconf 91' lang='grc'><strong>44·</strong></span> <span class='ocrx_word' id='word_1_186' title='bbox 1079 1567 1164 1618; x_wconf 85' lang='lat' dir='ltr'><strong>nemi</strong></span> <span class='ocrx_word' id='word_1_187' title='bbox 1187 1565 1271 1618; x_wconf 89' lang='grc'>4474</span> <span class='ocrx_word' id='word_1_188' title='bbox 1805 1567 1890 1618; x_wconf 88' lang='lat' dir='ltr'><strong>—lta</strong></span> <span class='ocrx_word' id='word_1_189' title='bbox 1919 1573 1956 1618; x_wconf 88' lang='lat' dir='ltr'><strong>cst</strong></span> <span class='ocrx_word' id='word_1_190' title='bbox 1986 1581 2066 1618; x_wconf 87' lang='lat' dir='ltr'><strong>uutrm</strong></span> <span class='ocrx_word' id='word_1_191' title='bbox 2095 1569 2167 1634; x_wconf 90' lang='lat' dir='ltr'><strong>quod</strong></span> <span class='ocrx_word' id='word_1_192' title='bbox 2191 1579 2231 1622; x_wconf 88' lang='grc'><strong>444</strong></span> <span class='ocrx_word' id='word_1_193' title='bbox 2255 1585 2334 1622; x_wconf 92' lang='lat' dir='ltr'><strong>unum</strong></span> <span class='ocrx_word' id='word_1_194' title='bbox 2359 1573 2383 1622; x_wconf 92' lang='lat' dir='ltr'><strong>in</strong></span> 
     </span>
     <span class='ocr_line' id='line_1_13' title="bbox 406 1651 2383 1724; baseline 0.003 -20"><span class='ocrx_word' id='word_1_195' title='bbox 406 1655 522 1720; x_wconf 82' lang='lat' dir='ltr'><strong>ritatem,</strong></span> <span class='ocrx_word' id='word_1_196' title='bbox 541 1653 750 1706; x_wconf 89' lang='lat' dir='ltr'><strong>autsecundum</strong></span> <span class='ocrx_word' id='word_1_197' title='bbox 769 1653 934 1706; x_wconf 88' lang='lat' dir='ltr'><strong>intentionem</strong></span> <span class='ocrx_word' id='word_1_198' title='bbox 954 1651 986 1702; x_wconf 89' lang='lat' dir='ltr'><strong>lV</strong></span> <span class='ocrx_word' id='word_1_199' title='bbox 1007 1651 1038 1702; x_wconf 91' lang='grc'><strong>44</strong></span> <span class='ocrx_word' id='word_1_200' title='bbox 1132 1653 1712 1718; x_wconf 77' lang='lat' dir='ltr'><strong>-tinumsonatincomplencntumiiou</strong></span> <span class='ocrx_word' id='word_1_201' title='bbox 1750 1667 1875 1720; x_wconf 86' lang='lat' dir='ltr'><strong>persona,</strong></span> <span class='ocrx_word' id='word_1_202' title='bbox 1895 1657 1961 1708; x_wconf 89' lang='lat' dir='ltr'><strong>sicut</strong></span> <span class='ocrx_word' id='word_1_203' title='bbox 1982 1657 2053 1724; x_wconf 92' lang='lat' dir='ltr'><strong>quod</strong></span> <span class='ocrx_word' id='word_1_204' title='bbox 2077 1665 2117 1708; x_wconf 90' lang='lat' dir='ltr'><strong>cst</strong></span> <span class='ocrx_word' id='word_1_205' title='bbox 2135 1669 2216 1708; x_wconf 90' lang='lat' dir='ltr'><strong>unum</strong></span> <span class='ocrx_word' id='word_1_206' title='bbox 2243 1659 2266 1708; x_wconf 93' lang='lat' dir='ltr'><strong>in</strong></span> <span class='ocrx_word' id='word_1_207' title='bbox 2294 1665 2383 1710; x_wconf 87' lang='lat' dir='ltr'><strong>natura</strong></span> 
     </span>
     <span class='ocr_line' id='line_1_14' title="bbox 406 1733 2384 1812; baseline 0.003 -20"><span class='ocrx_word' id='word_1_208' title='bbox 406 1741 422 1792; x_wconf 91' lang='grc'><strong>4.</strong></span> <span class='ocrx_word' id='word_1_209' title='bbox 443 1739 459 1792; x_wconf 92' lang='grc'><strong>4</strong></span> <span class='ocrx_word' id='word_1_210' title='bbox 480 1739 542 1794; x_wconf 80' lang='lat' dir='ltr'><strong>Vicit</strong></span> <span class='ocrx_word' id='word_1_211' title='bbox 565 1741 594 1792; x_wconf 90' lang='lat' dir='ltr'>V.</span> <span class='ocrx_word' id='word_1_212' title='bbox 611 1739 735 1808; x_wconf 83' lang='lat' dir='ltr'><strong>Sipottm.</strong></span> <span class='ocrx_word' id='word_1_213' title='bbox 847 1733 851 1738; x_wconf 83' lang='grc'><strong>’</strong></span> <span class='ocrx_word' id='word_1_214' title='bbox 1078 1741 1185 1792; x_wconf 81' lang='grc'><strong>42-</strong></span> <span class='ocrx_word' id='word_1_215' title='bbox 1209 1741 1291 1792; x_wconf 87' lang='lat' dir='ltr'><strong>Tanto</strong></span> <span class='ocrx_word' id='word_1_216' title='bbox 1318 1741 1454 1804; x_wconf 74' lang='lat' dir='ltr'><strong>perfectior</strong></span> <span class='ocrx_word' id='word_1_217' title='bbox 1477 1747 1517 1792; x_wconf 90' lang='lat' dir='ltr'><strong>est</strong></span> <span class='ocrx_word' id='word_1_218' title='bbox 1539 1755 1595 1804; x_wconf 86' lang='lat' dir='ltr'><strong>res,</strong></span> <span class='ocrx_word' id='word_1_219' title='bbox 1616 1747 1712 1808; x_wconf 90' lang='lat' dir='ltr'><strong>quanto</strong></span> <span class='ocrx_word' id='word_1_220' title='bbox 1750 1741 1776 1792; x_wconf 93' lang='grc'><strong>444</strong></span> <span class='ocrx_word' id='word_1_221' title='bbox 1798 1741 1847 1794; x_wconf 90' lang='grc'><strong>440</strong></span> <span class='ocrx_word' id='word_1_222' title='bbox 1869 1745 1884 1794; x_wconf 96' lang='grc'><strong>4.</strong></span> <span class='ocrx_word' id='word_1_223' title='bbox 1904 1743 1919 1796; x_wconf 91' lang='grc'>4</span> <span class='ocrx_word' id='word_1_224' title='bbox 1940 1773 1972 1784; x_wconf 65' lang='grc'><strong>-«</strong></span> <span class='ocrx_word' id='word_1_225' title='bbox 1994 1747 2073 1810; x_wconf 77' lang='lat' dir='ltr'><strong>llagis</strong></span> <span class='ocrx_word' id='word_1_226' title='bbox 2091 1751 2130 1798; x_wconf 91' lang='lat' dir='ltr'><strong>est</strong></span> <span class='ocrx_word' id='word_1_227' title='bbox 2148 1759 2231 1798; x_wconf 91' lang='lat' dir='ltr'><strong>unum</strong></span> <span class='ocrx_word' id='word_1_228' title='bbox 2251 1747 2321 1812; x_wconf 88' lang='lat' dir='ltr'><strong>quod</strong></span> <span class='ocrx_word' id='word_1_229' title='bbox 2347 1751 2384 1798; x_wconf 90' lang='grc'><strong>444</strong></span> 
     </span>
    </p>

    <p class='ocr_par' dir='ltr' id='par_1_5' title="bbox 404 1827 2383 2512">
     <span class='ocr_line' id='line_1_15' title="bbox 464 1827 2383 1900; baseline 0.002 -18"><span class='ocrx_word' id='word_1_230' title='bbox 464 1859 491 1868; x_wconf 84' lang='grc'><strong>-</strong></span> <span class='ocrx_word' id='word_1_231' title='bbox 513 1831 536 1882; x_wconf 89' lang='lat' dir='ltr'><strong>Si</strong></span> <span class='ocrx_word' id='word_1_232' title='bbox 555 1831 642 1896; x_wconf 90' lang='lat' dir='ltr'><strong>aliqua</strong></span> <span class='ocrx_word' id='word_1_233' title='bbox 666 1828 720 1881; x_wconf 89' lang='lat' dir='ltr'><strong>duo</strong></span> <span class='ocrx_word' id='word_1_234' title='bbox 747 1837 807 1882; x_wconf 90' lang='lat' dir='ltr'><strong>sunt</strong></span> <span class='ocrx_word' id='word_1_235' title='bbox 835 1827 1040 1894; x_wconf 88' lang='lat' dir='ltr'><strong>inseparabiliter</strong></span> <span class='ocrx_word' id='word_1_236' title='bbox 1079 1827 1212 1882; x_wconf 91' lang='lat' dir='ltr'><strong>minusab</strong></span> <span class='ocrx_word' id='word_1_237' title='bbox 1224 1831 1323 1882; x_wconf 89' lang='lat' dir='ltr'><strong>unitate</strong></span> <span class='ocrx_word' id='word_1_238' title='bbox 1337 1831 1434 1882; x_wconf 87' lang='lat' dir='ltr'><strong>recedit</strong></span> <span class='ocrx_word' id='word_1_239' title='bbox 1453 1831 1475 1882; x_wconf 92' lang='lat' dir='ltr'>V</span> <span class='ocrx_word' id='word_1_240' title='bbox 1496 1827 1588 1882; x_wconf 82' lang='grc'>6743*</span> <span class='ocrx_word' id='word_1_241' title='bbox 1604 1827 1666 1882; x_wconf 82' lang='lat' dir='ltr'><strong>Vide</strong></span> <span class='ocrx_word' id='word_1_242' title='bbox 1683 1829 1710 1882; x_wconf 87' lang='lat' dir='ltr'>V.</span> <span class='ocrx_word' id='word_1_243' title='bbox 1750 1843 1829 1882; x_wconf 91' lang='lat' dir='ltr'><strong>unum</strong></span> <span class='ocrx_word' id='word_1_244' title='bbox 1849 1833 1875 1882; x_wconf 95' lang='lat' dir='ltr'><strong>in</strong></span> <span class='ocrx_word' id='word_1_245' title='bbox 1894 1847 2004 1896; x_wconf 88' lang='lat' dir='ltr'><strong>persona</strong></span> <span class='ocrx_word' id='word_1_246' title='bbox 2018 1843 2043 1886; x_wconf 86' lang='grc'><strong>44</strong></span> <span class='ocrx_word' id='word_1_247' title='bbox 2061 1839 2159 1900; x_wconf 89' lang='lat' dir='ltr'><strong>natura,</strong></span> <span class='ocrx_word' id='word_1_248' title='bbox 2174 1837 2290 1900; x_wconf 90' lang='lat' dir='ltr'><strong>quamin</strong></span> <span class='ocrx_word' id='word_1_249' title='bbox 2306 1835 2383 1886; x_wconf 86' lang='lat' dir='ltr'><strong>altero</strong></span> 
     </span>
     <span class='ocr_line' id='line_1_16' title="bbox 406 1915 2383 1986; baseline 0.001 -16"><span class='ocrx_word' id='word_1_250' title='bbox 406 1919 488 1982; x_wconf 89' lang='lat' dir='ltr'><strong>unita,</strong></span> <span class='ocrx_word' id='word_1_251' title='bbox 510 1918 668 1984; x_wconf 89' lang='lat' dir='ltr'><strong>ubicumque</strong></span> <span class='ocrx_word' id='word_1_252' title='bbox 688 1925 726 1970; x_wconf 90' lang='lat' dir='ltr'><strong>est</strong></span> <span class='ocrx_word' id='word_1_253' title='bbox 745 1929 842 1980; x_wconf 91' lang='lat' dir='ltr'><strong>unum,</strong></span> <span class='ocrx_word' id='word_1_254' title='bbox 860 1921 899 1968; x_wconf 91' lang='lat' dir='ltr'><strong>est</strong></span> <span class='ocrx_word' id='word_1_255' title='bbox 917 1917 1036 1978; x_wconf 88' lang='lat' dir='ltr'><strong>alterum,</strong></span> <span class='ocrx_word' id='word_1_256' title='bbox 1078 1915 1206 1986; x_wconf 76' lang='lat' dir='ltr'><strong>Perfeoit&#39;o</strong></span> <span class='ocrx_word' id='word_1_257' title='bbox 1217 1919 1244 1968; x_wconf 94' lang='lat' dir='ltr'><strong>in</strong></span> <span class='ocrx_word' id='word_1_258' title='bbox 1259 1915 1342 1970; x_wconf 90' lang='lat' dir='ltr'><strong>indice</strong></span> <span class='ocrx_word' id='word_1_259' title='bbox 1361 1931 1498 1982; x_wconf 72' lang='lat' dir='ltr'><strong>genem-</strong></span> <span class='ocrx_word' id='word_1_260' title='bbox 1511 1919 1632 1970; x_wconf 88' lang='lat' dir='ltr'><strong>convenit</strong></span> <span class='ocrx_word' id='word_1_261' title='bbox 1643 1931 1711 1972; x_wconf 87' lang='lat' dir='ltr'><strong>crea·</strong></span> <span class='ocrx_word' id='word_1_262' title='bbox 1752 1929 1850 1974; x_wconf 89' lang='lat' dir='ltr'><strong>tantum</strong></span> <span class='ocrx_word' id='word_1_263' title='bbox 1877 1919 1902 1972; x_wconf 91' lang='lat' dir='ltr'><strong>ill</strong></span> <span class='ocrx_word' id='word_1_264' title='bbox 1929 1921 1938 1970; x_wconf 92' lang='grc'><strong>4</strong></span> <span class='ocrx_word' id='word_1_265' title='bbox 1946 1921 1978 1972; x_wconf 88' lang='grc'><strong>62</strong></span> <span class='ocrx_word' id='word_1_266' title='bbox 1998 1935 2055 1984; x_wconf 85' lang='lat' dir='ltr'><strong>arg.</strong></span> <span class='ocrx_word' id='word_1_267' title='bbox 2074 1921 2097 1972; x_wconf 88' lang='lat'><strong>3.</strong></span> <span class='ocrx_word' id='word_1_268' title='bbox 2120 1921 2169 1972; x_wconf 93' lang='grc'><strong>470</strong></span> <span class='ocrx_word' id='word_1_269' title='bbox 2189 1935 2244 1984; x_wconf 80' lang='lat' dir='ltr'><strong>arg.</strong></span> <span class='ocrx_word' id='word_1_270' title='bbox 2264 1923 2290 1972; x_wconf 92' lang='grc'><strong>2.</strong></span> <span class='ocrx_word' id='word_1_271' title='bbox 2309 1921 2329 1972; x_wconf 87' lang='lat' dir='ltr'>V</span> <span class='ocrx_word' id='word_1_272' title='bbox 2351 1921 2383 1972; x_wconf 89' lang='grc'><strong>63</strong></span> 
     </span>
     <span class='ocr_line' id='line_1_17' title="bbox 405 1999 1834 2074; baseline 0.003 -18"><span class='ocrx_word' id='word_1_273' title='bbox 405 2005 453 2056; x_wconf 84' lang='grc'>0444</span> <span class='ocrx_word' id='word_1_274' title='bbox 472 2007 582 2060; x_wconf 88' lang='lat' dir='ltr'><strong>alterum</strong></span> <span class='ocrx_word' id='word_1_275' title='bbox 599 2005 708 2056; x_wconf 88' lang='lat' dir='ltr'><strong>excedat</strong></span> <span class='ocrx_word' id='word_1_276' title='bbox 729 2005 840 2056; x_wconf 88' lang='lat' dir='ltr'><strong>alierum</strong></span> <span class='ocrx_word' id='word_1_277' title='bbox 858 2005 867 2056; x_wconf 98' lang='lat' dir='ltr'><strong>l</strong></span> <span class='ocrx_word' id='word_1_278' title='bbox 888 2001 939 2056; x_wconf 92' lang='grc'><strong>643</strong></span> <span class='ocrx_word' id='word_1_279' title='bbox 959 1999 986 2054; x_wconf 88' lang='grc'><strong>5*</strong></span> <span class='ocrx_word' id='word_1_280' title='bbox 1004 2029 1039 2040; x_wconf 88' lang='grc'>-</span> <span class='ocrx_word' id='word_1_281' title='bbox 1078 2009 1142 2060; x_wconf 90' lang='grc'>40444</span> <span class='ocrx_word' id='word_1_282' title='bbox 1154 2005 1299 2058; x_wconf 87' lang='lat' dir='ltr'><strong>secundum</strong></span> <span class='ocrx_word' id='word_1_283' title='bbox 1320 2005 1379 2070; x_wconf 93' lang='lat' dir='ltr'><strong>plus</strong></span> <span class='ocrx_word' id='word_1_284' title='bbox 1397 2013 1422 2058; x_wconf 91' lang='lat' dir='ltr'><strong>et</strong></span> <span class='ocrx_word' id='word_1_285' title='bbox 1440 2007 1533 2068; x_wconf 78' lang='lat' dir='ltr'><strong>minuo,</strong></span> <span class='ocrx_word' id='word_1_286' title='bbox 1547 2009 1579 2058; x_wconf 97' lang='grc'><strong>444</strong></span> <span class='ocrx_word' id='word_1_287' title='bbox 1593 2005 1664 2072; x_wconf 86' lang='lat' dir='ltr'><strong>quod</strong></span> <span class='ocrx_word' id='word_1_288' title='bbox 1680 2009 1710 2060; x_wconf 91' lang='lat' dir='ltr'><strong>de</strong></span> <span class='ocrx_word' id='word_1_289' title='bbox 1749 2023 1806 2074; x_wconf 83' lang='lat' dir='ltr'><strong>arg.</strong></span> <span class='ocrx_word' id='word_1_290' title='bbox 1826 2011 1834 2060; x_wconf 93' lang='grc'><strong>4</strong></span> 
     </span>
     <span class='ocr_line' id='line_1_18' title="bbox 407 2089 2383 2160; baseline 0 -14"><span class='ocrx_word' id='word_1_291' title='bbox 407 2093 593 2160; x_wconf 79' lang='lat' dir='ltr'><strong>Quaecumque</strong></span> <span class='ocrx_word' id='word_1_292' title='bbox 611 2097 670 2146; x_wconf 91' lang='lat' dir='ltr'><strong>sunt</strong></span> <span class='ocrx_word' id='word_1_293' title='bbox 690 2093 760 2144; x_wconf 88' lang='lat' dir='ltr'><strong>unita</strong></span> <span class='ocrx_word' id='word_1_294' title='bbox 780 2089 986 2158; x_wconf 87' lang='lat' dir='ltr'><strong>inseparabiliter</strong></span> <span class='ocrx_word' id='word_1_295' title='bbox 999 2105 1037 2144; x_wconf 84' lang='lat' dir='ltr'><strong>et·</strong></span> <span class='ocrx_word' id='word_1_296' title='bbox 1076 2107 1103 2146; x_wconf 89' lang='lat' dir='ltr'><strong>se</strong></span> <span class='ocrx_word' id='word_1_297' title='bbox 1123 2107 1174 2146; x_wconf 91' lang='lat' dir='ltr'><strong>nou</strong></span> <span class='ocrx_word' id='word_1_298' title='bbox 1195 2101 1269 2146; x_wconf 91' lang='lat' dir='ltr'><strong>sonat</strong></span> <span class='ocrx_word' id='word_1_299' title='bbox 1286 2095 1312 2144; x_wconf 93' lang='lat' dir='ltr'><strong>in</strong></span> <span class='ocrx_word' id='word_1_300' title='bbox 1331 2095 1556 2160; x_wconf 79' lang='lat' dir='ltr'><strong>imperfectionem</strong></span> <span class='ocrx_word' id='word_1_301' title='bbox 1574 2095 1598 2146; x_wconf 92' lang='lat' dir='ltr'>V</span> <span class='ocrx_word' id='word_1_302' title='bbox 1619 2095 1710 2148; x_wconf 91' lang='grc'>4002*</span> <span class='ocrx_word' id='word_1_303' title='bbox 1801 2123 1833 2132; x_wconf 90' lang='grc'>-</span> <span class='ocrx_word' id='word_1_304' title='bbox 1855 2095 1939 2146; x_wconf 86' lang='lat' dir='ltr'><strong>Unum</strong></span> <span class='ocrx_word' id='word_1_305' title='bbox 1963 2095 2115 2158; x_wconf 88' lang='lat' dir='ltr'><strong>simpliciter</strong></span> <span class='ocrx_word' id='word_1_306' title='bbox 2138 2095 2199 2148; x_wconf 92' lang='lat' dir='ltr'><strong>dicit</strong></span> <span class='ocrx_word' id='word_1_307' title='bbox 2228 2099 2383 2148; x_wconf 85' lang='lat' dir='ltr'><strong>convenien-</strong></span> 
     </span>
     <span class='ocr_line' id='line_1_19' title="bbox 404 2179 2382 2248; baseline 0 -12"><span class='ocrx_word' id='word_1_308' title='bbox 404 2183 512 2236; x_wconf 82' lang='lat' dir='ltr'><strong>tendunt</strong></span> <span class='ocrx_word' id='word_1_309' title='bbox 530 2195 558 2234; x_wconf 85' lang='grc'><strong>44</strong></span> <span class='ocrx_word' id='word_1_310' title='bbox 578 2181 610 2234; x_wconf 84' lang='lat' dir='ltr'><strong>ad</strong></span> <span class='ocrx_word' id='word_1_311' title='bbox 639 2193 743 2232; x_wconf 81' lang='grc'>0400404</span> <span class='ocrx_word' id='word_1_312' title='bbox 772 2183 857 2232; x_wconf 83' lang='lat' dir='ltr'><strong>locum</strong></span> <span class='ocrx_word' id='word_1_313' title='bbox 887 2179 1035 2246; x_wconf 78' lang='lat' dir='ltr'><strong>ooqooiiioi,</strong></span> <span class='ocrx_word' id='word_1_314' title='bbox 1076 2185 1711 2248; x_wconf 82' lang='lat' dir='ltr'><strong>-proprieetcompieteestincreaturarum·</strong></span> <span class='ocrx_word' id='word_1_315' title='bbox 1748 2187 1809 2236; x_wconf 80' lang='lat' dir='ltr'><strong>tiaut</strong></span> <span class='ocrx_word' id='word_1_316' title='bbox 1828 2185 1853 2234; x_wconf 91' lang='lat' dir='ltr'><strong>iu</strong></span> <span class='ocrx_word' id='word_1_317' title='bbox 1874 2191 1961 2234; x_wconf 90' lang='lat' dir='ltr'><strong>natura</strong></span> <span class='ocrx_word' id='word_1_318' title='bbox 1984 2185 1991 2232; x_wconf 96' lang='lat' dir='ltr'><strong>l</strong></span> <span class='ocrx_word' id='word_1_319' title='bbox 2012 2181 2063 2234; x_wconf 82' lang='lat' dir='ltr'><strong>sla</strong></span> <span class='ocrx_word' id='word_1_320' title='bbox 2082 2185 2100 2234; x_wconf 93' lang='grc'><strong>4.</strong></span> <span class='ocrx_word' id='word_1_321' title='bbox 2120 2181 2382 2248; x_wconf 82' lang='lat' dir='ltr'><strong>i,a,l*-·Conl0r·</strong></span> 
     </span>
     <span class='ocr_line' id='line_1_20' title="bbox 404 2267 2383 2336; baseline 0.001 -16"><span class='ocrx_word' id='word_1_322' title='bbox 404 2269 511 2336; x_wconf 91' lang='lat' dir='ltr'><strong>quando</strong></span> <span class='ocrx_word' id='word_1_323' title='bbox 529 2271 566 2322; x_wconf 91' lang='lat' dir='ltr'><strong>sic</strong></span> <span class='ocrx_word' id='word_1_324' title='bbox 586 2271 717 2332; x_wconf 90' lang='lat' dir='ltr'><strong>uniuntur,</strong></span> <span class='ocrx_word' id='word_1_325' title='bbox 737 2267 809 2334; x_wconf 91' lang='lat' dir='ltr'><strong>quod</strong></span> <span class='ocrx_word' id='word_1_326' title='bbox 830 2281 909 2320; x_wconf 90' lang='lat' dir='ltr'><strong>unum</strong></span> <span class='ocrx_word' id='word_1_327' title='bbox 931 2279 980 2320; x_wconf 91' lang='lat' dir='ltr'><strong>non</strong></span> <span class='ocrx_word' id='word_1_328' title='bbox 996 2281 1038 2320; x_wconf 82' lang='lat' dir='ltr'><strong>ex·</strong></span> <span class='ocrx_word' id='word_1_329' title='bbox 1077 2271 1144 2336; x_wconf 86' lang='lat' dir='ltr'><strong>plata</strong></span> <span class='ocrx_word' id='word_1_330' title='bbox 1162 2271 1181 2320; x_wconf 96' lang='lat' dir='ltr'><strong>ll</strong></span> <span class='ocrx_word' id='word_1_331' title='bbox 1202 2269 1247 2322; x_wconf 91' lang='grc'><strong>404</strong></span> <span class='ocrx_word' id='word_1_332' title='bbox 1271 2269 1300 2322; x_wconf 93' lang='grc'><strong>2*</strong></span> <span class='ocrx_word' id='word_1_333' title='bbox 1749 2275 1823 2324; x_wconf 86' lang='grc'>404444</span> <span class='ocrx_word' id='word_1_334' title='bbox 1842 2273 1868 2322; x_wconf 87' lang='grc'><strong>444</strong></span> <span class='ocrx_word' id='word_1_335' title='bbox 1888 2275 1977 2322; x_wconf 83' lang='lat' dir='ltr'><strong>natura</strong></span> <span class='ocrx_word' id='word_1_336' title='bbox 1998 2271 2082 2322; x_wconf 90' lang='lat' dir='ltr'><strong>solum</strong></span> <span class='ocrx_word' id='word_1_337' title='bbox 2104 2285 2152 2322; x_wconf 93' lang='lat' dir='ltr'><strong>non</strong></span> <span class='ocrx_word' id='word_1_338' title='bbox 2170 2271 2227 2322; x_wconf 88' lang='lat' dir='ltr'><strong>iacit</strong></span> <span class='ocrx_word' id='word_1_339' title='bbox 2241 2285 2321 2322; x_wconf 90' lang='lat' dir='ltr'><strong>unum</strong></span> <span class='ocrx_word' id='word_1_340' title='bbox 2334 2273 2383 2324; x_wconf 87' lang='lat' dir='ltr'><strong>nisi</strong></span> 
     </span>
     <span class='ocr_line' id='line_1_21' title="bbox 404 2353 2383 2426; baseline 0 -16"><span class='ocrx_word' id='word_1_341' title='bbox 404 2357 471 2410; x_wconf 86' lang='lat' dir='ltr'><strong>cedit</strong></span> <span class='ocrx_word' id='word_1_342' title='bbox 488 2358 618 2426; x_wconf 87' lang='lat' dir='ltr'><strong>reliquum</strong></span> <span class='ocrx_word' id='word_1_343' title='bbox 639 2359 666 2410; x_wconf 94' lang='grc'><strong>414</strong></span> <span class='ocrx_word' id='word_1_344' title='bbox 687 2355 737 2408; x_wconf 89' lang='grc'><strong>455</strong></span> <span class='ocrx_word' id='word_1_345' title='bbox 760 2355 786 2410; x_wconf 95' lang='grc'><strong>4*</strong></span> <span class='ocrx_word' id='word_1_346' title='bbox 809 2353 872 2408; x_wconf 84' lang='lat' dir='ltr'><strong>Vitia</strong></span> <span class='ocrx_word' id='word_1_347' title='bbox 894 2355 923 2408; x_wconf 89' lang='lat' dir='ltr'>V.</span> <span class='ocrx_word' id='word_1_348' title='bbox 937 2353 1037 2422; x_wconf 80' lang='lat' dir='ltr'><strong>Suppo·</strong></span> <span class='ocrx_word' id='word_1_349' title='bbox 1130 2387 1162 2400; x_wconf 97' lang='lat'>-</span> <span class='ocrx_word' id='word_1_350' title='bbox 1183 2359 1275 2422; x_wconf 89' lang='lat' dir='ltr'><strong>Unum,</strong></span> <span class='ocrx_word' id='word_1_351' title='bbox 1296 2359 1369 2424; x_wconf 88' lang='lat' dir='ltr'><strong>qnod</strong></span> <span class='ocrx_word' id='word_1_352' title='bbox 1388 2359 1449 2412; x_wconf 87' lang='lat' dir='ltr'><strong>dicit</strong></span> <span class='ocrx_word' id='word_1_353' title='bbox 1463 2361 1584 2412; x_wconf 89' lang='lat' dir='ltr'><strong>unitatem</strong></span> <span class='ocrx_word' id='word_1_354' title='bbox 1598 2363 1711 2424; x_wconf 89' lang='lat' dir='ltr'><strong>comple·</strong></span> <span class='ocrx_word' id='word_1_355' title='bbox 1732 2359 1891 2412; x_wconf 85' lang='lat' dir='ltr'><strong>secundum</strong></span> <span class='ocrx_word' id='word_1_356' title='bbox 1912 2359 1984 2424; x_wconf 88' lang='lat' dir='ltr'><strong>quid,</strong></span> <span class='ocrx_word' id='word_1_357' title='bbox 2003 2373 2064 2412; x_wconf 84' lang='lat' dir='ltr'><strong>cunt</strong></span> <span class='ocrx_word' id='word_1_358' title='bbox 2083 2359 2383 2412; x_wconf 88' lang='lat' dir='ltr'><strong>deiertninationedimi·</strong></span> 
     </span>
     <span class='ocr_line' id='line_1_22' title="bbox 404 2429 2382 2512; baseline -0.001 -10"><span class='ocrx_word' id='word_1_359' title='bbox 404 2445 483 2502; x_wconf 84' lang='grc'>444040</span> <span class='ocrx_word' id='word_1_360' title='bbox 504 2449 529 2500; x_wconf 91' lang='grc'><strong>44</strong></span> <span class='ocrx_word' id='word_1_361' title='bbox 548 2447 635 2500; x_wconf 90' lang='lat' dir='ltr'><strong>iudice</strong></span> <span class='ocrx_word' id='word_1_362' title='bbox 653 2459 743 2510; x_wconf 83' lang='lat' dir='ltr'><strong>gener.</strong></span> <span class='ocrx_word' id='word_1_363' title='bbox 1076 2455 1137 2512; x_wconf 85' lang='lat' dir='ltr'><strong>iant,</strong></span> <span class='ocrx_word' id='word_1_364' title='bbox 1157 2455 1197 2500; x_wconf 90' lang='lat' dir='ltr'><strong>est</strong></span> <span class='ocrx_word' id='word_1_365' title='bbox 1214 2447 1357 2500; x_wconf 85' lang='lat' dir='ltr'><strong>diii&#39;ercatia</strong></span> <span class='ocrx_word' id='word_1_366' title='bbox 1379 2449 1444 2500; x_wconf 88' lang='lat' dir='ltr'><strong>entis</strong></span> <span class='ocrx_word' id='word_1_367' title='bbox 1462 2449 1488 2500; x_wconf 92' lang='lat' dir='ltr'><strong>in</strong></span> <span class='ocrx_word' id='word_1_368' title='bbox 1508 2455 1566 2500; x_wconf 86' lang='lat' dir='ltr'><strong>actu</strong></span> <span class='ocrx_word' id='word_1_369' title='bbox 1586 2449 1602 2500; x_wconf 92' lang='grc' dir='ltr'><strong>ΙΙ</strong></span> <span class='ocrx_word' id='word_1_370' title='bbox 1619 2449 1663 2500; x_wconf 90' lang='grc'><strong>404</strong></span> <span class='ocrx_word' id='word_1_371' title='bbox 1685 2447 1710 2500; x_wconf 91' lang='grc'><strong>2*</strong></span> <span class='ocrx_word' id='word_1_372' title='bbox 1751 2455 1855 2510; x_wconf 87' lang='lat' dir='ltr'><strong>noento,</strong></span> <span class='ocrx_word' id='word_1_373' title='bbox 1875 2429 1900 2499; x_wconf 89' lang='lat' dir='ltr'><strong>ut</strong></span> <span class='ocrx_word' id='word_1_374' title='bbox 1922 2461 2001 2500; x_wconf 91' lang='lat' dir='ltr'><strong>unum</strong></span> <span class='ocrx_word' id='word_1_375' title='bbox 2015 2461 2113 2512; x_wconf 79' lang='lat' dir='ltr'><strong>gernere</strong></span> <span class='ocrx_word' id='word_1_376' title='bbox 2126 2449 2166 2500; x_wconf 90' lang='grc'><strong>444</strong></span> <span class='ocrx_word' id='word_1_377' title='bbox 2180 2449 2265 2512; x_wconf 86' lang='lat' dir='ltr'><strong>specie</strong></span> <span class='ocrx_word' id='word_1_378' title='bbox 2280 2449 2287 2500; x_wconf 96' lang='lat' dir='ltr'><strong>l</strong></span> <span class='ocrx_word' id='word_1_379' title='bbox 2302 2449 2382 2500; x_wconf 86' lang='grc'>5470</span> 
     </span>
    </p>

    <p class='ocr_par' dir='ltr' id='par_1_6' title="bbox 404 2523 2382 2692">
     <span class='ocr_line' id='line_1_23' title="bbox 456 2523 2382 2602; baseline 0 -14"><span class='ocrx_word' id='word_1_380' title='bbox 456 2547 609 2588; x_wconf 86' lang='lat' dir='ltr'><strong>-summe</strong></span> <span class='ocrx_word' id='word_1_381' title='bbox 631 2533 777 2588; x_wconf 89' lang='lat' dir='ltr'><strong>distantium</strong></span> <span class='ocrx_word' id='word_1_382' title='bbox 803 2537 843 2584; x_wconf 88' lang='lat' dir='ltr'><strong>esi</strong></span> <span class='ocrx_word' id='word_1_383' title='bbox 866 2533 972 2584; x_wconf 91' lang='lat' dir='ltr'><strong>omuino</strong></span> <span class='ocrx_word' id='word_1_384' title='bbox 998 2547 1036 2584; x_wconf 91' lang='lat' dir='ltr'><strong>re·</strong></span> <span class='ocrx_word' id='word_1_385' title='bbox 1129 2563 1161 2578; x_wconf 68' lang='grc' dir='ltr'><strong>ι·-</strong></span> <span class='ocrx_word' id='word_1_386' title='bbox 1192 2537 1274 2588; x_wconf 82' lang='lat' dir='ltr'><strong>Tanto</strong></span> <span class='ocrx_word' id='word_1_387' title='bbox 1304 2539 1388 2600; x_wconf 79' lang='lat' dir='ltr'><strong>arogis</strong></span> <span class='ocrx_word' id='word_1_388' title='bbox 1418 2545 1457 2590; x_wconf 89' lang='lat' dir='ltr'><strong>est</strong></span> <span class='ocrx_word' id='word_1_389' title='bbox 1486 2539 1581 2602; x_wconf 88' lang='lat' dir='ltr'><strong>aliquid</strong></span> <span class='ocrx_word' id='word_1_390' title='bbox 1612 2551 1707 2602; x_wconf 90' lang='lat' dir='ltr'><strong>unum,</strong></span> <span class='ocrx_word' id='word_1_391' title='bbox 1801 2563 1833 2576; x_wconf 98' lang='lat'>-</span> <span class='ocrx_word' id='word_1_392' title='bbox 1855 2541 1959 2588; x_wconf 90' lang='lat' dir='ltr'><strong>naturae</strong></span> <span class='ocrx_word' id='word_1_393' title='bbox 1980 2539 2004 2588; x_wconf 93' lang='lat' dir='ltr'><strong>in</strong></span> <span class='ocrx_word' id='word_1_394' title='bbox 2022 2523 2100 2588; x_wconf 89' lang='grc'>04044</span> <span class='ocrx_word' id='word_1_395' title='bbox 2120 2545 2157 2590; x_wconf 88' lang='grc'><strong>444</strong></span> <span class='ocrx_word' id='word_1_396' title='bbox 2177 2551 2224 2602; x_wconf 86' lang='lat' dir='ltr'><strong>per</strong></span> <span class='ocrx_word' id='word_1_397' title='bbox 2248 2537 2382 2602; x_wconf 85' lang='lat' dir='ltr'><strong>participa·</strong></span> 
     </span>
     <span class='ocr_line' id='line_1_24' title="bbox 404 2619 2381 2692; baseline 0 -18"><span class='ocrx_word' id='word_1_398' title='bbox 404 2637 525 2690; x_wconf 78' lang='lat' dir='ltr'><strong>pugnans</strong></span> <span class='ocrx_word' id='word_1_399' title='bbox 544 2631 632 2676; x_wconf 90' lang='lat' dir='ltr'><strong>nostro</strong></span> <span class='ocrx_word' id='word_1_400' title='bbox 650 2621 786 2674; x_wconf 88' lang='lat' dir='ltr'><strong>intellectui</strong></span> <span class='ocrx_word' id='word_1_401' title='bbox 807 2621 831 2672; x_wconf 95' lang='lat' dir='ltr'>V</span> <span class='ocrx_word' id='word_1_402' title='bbox 850 2619 918 2674; x_wconf 91' lang='grc'><strong>400</strong></span> <span class='ocrx_word' id='word_1_403' title='bbox 1076 2635 1172 2692; x_wconf 90' lang='lat' dir='ltr'><strong>quanto</strong></span> <span class='ocrx_word' id='word_1_404' title='bbox 1199 2627 1281 2690; x_wconf 84' lang='lat' dir='ltr'><strong>magis</strong></span> <span class='ocrx_word' id='word_1_405' title='bbox 1306 2629 1342 2674; x_wconf 89' lang='lat' dir='ltr'><strong>cst</strong></span> <span class='ocrx_word' id='word_1_406' title='bbox 1362 2625 1504 2676; x_wconf 89' lang='lat' dir='ltr'><strong>indivisum</strong></span> <span class='ocrx_word' id='word_1_407' title='bbox 1524 2625 1545 2678; x_wconf 96' lang='lat' dir='ltr'>V</span> <span class='ocrx_word' id='word_1_408' title='bbox 1567 2627 1599 2676; x_wconf 90' lang='grc'><strong>63</strong></span> <span class='ocrx_word' id='word_1_409' title='bbox 1620 2629 1709 2690; x_wconf 57' lang='lat' dir='ltr'><strong>arpi</strong></span> <span class='ocrx_word' id='word_1_410' title='bbox 1748 2627 1842 2678; x_wconf 89' lang='lat' dir='ltr'><strong>tionem</strong></span> <span class='ocrx_word' id='word_1_411' title='bbox 1873 2625 1949 2676; x_wconf 87' lang='lat' dir='ltr'><strong>nnius</strong></span> <span class='ocrx_word' id='word_1_412' title='bbox 1978 2627 2125 2678; x_wconf 83' lang='lat' dir='ltr'><strong>communis</strong></span> <span class='ocrx_word' id='word_1_413' title='bbox 2151 2625 2277 2676; x_wconf 89' lang='lat' dir='ltr'><strong>essentiae</strong></span> <span class='ocrx_word' id='word_1_414' title='bbox 2303 2623 2381 2676; x_wconf 85' lang='grc'>4204</span> 
     </span>
    </p>

    <p class='ocr_par' dir='ltr' id='par_1_7' title="bbox 401 2709 2382 2946">
     <span class='ocr_line' id='line_1_25' title="bbox 456 2709 2380 2780; baseline 0 -16"><span class='ocrx_word' id='word_1_415' title='bbox 456 2713 547 2764; x_wconf 84' lang='grc'>4404444</span> <span class='ocrx_word' id='word_1_416' title='bbox 566 2739 600 2752; x_wconf 85' lang='lat'><strong>·-</strong></span> <span class='ocrx_word' id='word_1_417' title='bbox 618 2717 657 2764; x_wconf 89' lang='lat' dir='ltr'><strong>est</strong></span> <span class='ocrx_word' id='word_1_418' title='bbox 674 2709 797 2764; x_wconf 82' lang='lat' dir='ltr'><strong>indivisio</strong></span> <span class='ocrx_word' id='word_1_419' title='bbox 818 2711 882 2764; x_wconf 91' lang='lat' dir='ltr'><strong>entis</strong></span> <span class='ocrx_word' id='word_1_420' title='bbox 901 2711 922 2762; x_wconf 93' lang='lat' dir='ltr'>V</span> <span class='ocrx_word' id='word_1_421' title='bbox 938 2711 982 2764; x_wconf 87' lang='grc'><strong>354</strong></span> <span class='ocrx_word' id='word_1_422' title='bbox 1002 2711 1035 2762; x_wconf 92' lang='grc'><strong>43</strong></span> <span class='ocrx_word' id='word_1_423' title='bbox 1074 2743 1107 2752; x_wconf 89' lang='grc'>-</span> <span class='ocrx_word' id='word_1_424' title='bbox 1128 2715 1207 2778; x_wconf 80' lang='lat' dir='ltr'><strong>liegis</strong></span> <span class='ocrx_word' id='word_1_425' title='bbox 1225 2719 1265 2764; x_wconf 91' lang='lat' dir='ltr'><strong>est</strong></span> <span class='ocrx_word' id='word_1_426' title='bbox 1282 2725 1366 2764; x_wconf 89' lang='lat' dir='ltr'><strong>uuum</strong></span> <span class='ocrx_word' id='word_1_427' title='bbox 1390 2713 1461 2780; x_wconf 91' lang='lat' dir='ltr'><strong>quod</strong></span> <span class='ocrx_word' id='word_1_428' title='bbox 1487 2727 1517 2766; x_wconf 84' lang='lat' dir='ltr'><strong>ert</strong></span> <span class='ocrx_word' id='word_1_429' title='bbox 1543 2715 1710 2778; x_wconf 79' lang='lat' dir='ltr'><strong>peticionibus</strong></span> <span class='ocrx_word' id='word_1_430' title='bbox 1748 2715 1772 2766; x_wconf 89' lang='lat' dir='ltr'><strong>d.</strong></span> <span class='ocrx_word' id='word_1_431' title='bbox 1792 2715 1861 2766; x_wconf 88' lang='grc'><strong>5-</strong></span> <span class='ocrx_word' id='word_1_432' title='bbox 1880 2713 1971 2764; x_wconf 85' lang='lat' dir='ltr'><strong>Natura</strong></span> <span class='ocrx_word' id='word_1_433' title='bbox 1994 2715 2139 2764; x_wconf 79' lang='lat' dir='ltr'><strong>conamuuis</strong></span> <span class='ocrx_word' id='word_1_434' title='bbox 2153 2713 2316 2764; x_wconf 88' lang='lat' dir='ltr'><strong>dicituresse</strong></span> <span class='ocrx_word' id='word_1_435' title='bbox 2328 2725 2380 2764; x_wconf 90' lang='grc'><strong>004</strong></span> 
     </span>
     <span class='ocr_line' id='line_1_26' title="bbox 401 2797 2382 2866; baseline -0.006 -4"><span class='ocrx_word' id='word_1_436' title='bbox 401 2827 436 2842; x_wconf 89' lang='lat'><strong>-··</strong></span> <span class='ocrx_word' id='word_1_437' title='bbox 456 2803 517 2854; x_wconf 70' lang='lat' dir='ltr'><strong>dicii</strong></span> <span class='ocrx_word' id='word_1_438' title='bbox 534 2801 716 2854; x_wconf 71' lang='lat' dir='ltr'><strong>iodiViSifflleffl</strong></span> <span class='ocrx_word' id='word_1_439' title='bbox 736 2801 924 2864; x_wconf 69' lang='grc' dir='ltr'>0401040404οΗ]</span> <span class='ocrx_word' id='word_1_440' title='bbox 945 2797 1035 2852; x_wconf 70' lang='grc'>004454</span> <span class='ocrx_word' id='word_1_441' title='bbox 1075 2805 1244 2866; x_wconf 74' lang='lat' dir='ltr'><strong>constituitur,</strong></span> <span class='ocrx_word' id='word_1_442' title='bbox 1265 2803 1371 2866; x_wconf 91' lang='lat' dir='ltr'><strong>unitate,</strong></span> <span class='ocrx_word' id='word_1_443' title='bbox 1389 2815 1456 2866; x_wconf 90' lang='lat' dir='ltr'><strong>quae</strong></span> <span class='ocrx_word' id='word_1_444' title='bbox 1475 2803 1581 2852; x_wconf 86' lang='lat' dir='ltr'><strong>resultat</strong></span> <span class='ocrx_word' id='word_1_445' title='bbox 1600 2815 1631 2852; x_wconf 85' lang='lat' dir='ltr'><strong>etr</strong></span> <span class='ocrx_word' id='word_1_446' title='bbox 1650 2815 1709 2866; x_wconf 87' lang='lat' dir='ltr'><strong>par·</strong></span> <span class='ocrx_word' id='word_1_447' title='bbox 1748 2803 1842 2854; x_wconf 87' lang='lat' dir='ltr'><strong>unitate</strong></span> <span class='ocrx_word' id='word_1_448' title='bbox 1871 2803 1964 2866; x_wconf 87' lang='lat' dir='ltr'><strong>speciei</strong></span> <span class='ocrx_word' id='word_1_449' title='bbox 1994 2803 2020 2854; x_wconf 90' lang='lat' dir='ltr'><strong>ill</strong></span> <span class='ocrx_word' id='word_1_450' title='bbox 2052 2801 2082 2854; x_wconf 88' lang='grc'><strong>43</strong></span> <span class='ocrx_word' id='word_1_451' title='bbox 2102 2815 2159 2866; x_wconf 82' lang='lat' dir='ltr'><strong>arg.</strong></span> <span class='ocrx_word' id='word_1_452' title='bbox 2187 2803 2255 2852; x_wconf 83' lang='grc'><strong>2-</strong></span> <span class='ocrx_word' id='word_1_453' title='bbox 2274 2809 2382 2854; x_wconf 86' lang='lat' dir='ltr'><strong>naturae</strong></span> 
     </span>
     <span class='ocr_line' id='line_1_27' title="bbox 403 2887 2380 2946; baseline -0.003 -1"><span class='ocrx_word' id='word_1_454' title='bbox 403 2889 453 2940; x_wconf 82' lang='grc'><strong>549</strong></span> <span class='ocrx_word' id='word_1_455' title='bbox 473 2887 510 2944; x_wconf 84' lang='grc'><strong>4*.</strong></span> <span class='ocrx_word' id='word_1_456' title='bbox 529 2889 561 2942; x_wconf 86' lang='lat' dir='ltr'><strong>iV</strong></span> <span class='ocrx_word' id='word_1_457' title='bbox 581 2889 632 2940; x_wconf 73' lang='lat'><strong>332</strong></span> <span class='ocrx_word' id='word_1_458' title='bbox 651 2901 664 2938; x_wconf 83' lang='lat' dir='ltr'><strong>o</strong></span> <span class='ocrx_word' id='word_1_459' title='bbox 683 2899 775 2942; x_wconf 82' lang='lat' dir='ltr'><strong>-esi</strong></span> <span class='ocrx_word' id='word_1_460' title='bbox 799 2889 921 2942; x_wconf 81' lang='lat' dir='ltr'><strong>indivisio</strong></span> <span class='ocrx_word' id='word_1_461' title='bbox 943 2887 965 2940; x_wconf 88' lang='lat' dir='ltr'>V</span> <span class='ocrx_word' id='word_1_462' title='bbox 984 2887 1029 2938; x_wconf 80' lang='grc'><strong>384</strong></span> <span class='ocrx_word' id='word_1_463' title='bbox 1075 2895 1139 2946; x_wconf 89' lang='lat' dir='ltr'><strong>tium</strong></span> <span class='ocrx_word' id='word_1_464' title='bbox 1157 2893 1338 2944; x_wconf 88' lang='lat' dir='ltr'><strong>constitutione</strong></span> <span class='ocrx_word' id='word_1_465' title='bbox 1358 2893 1385 2942; x_wconf 91' lang='grc'><strong>444</strong></span> <span class='ocrx_word' id='word_1_466' title='bbox 1405 2891 1455 2940; x_wconf 89' lang='grc'><strong>463</strong></span> <span class='ocrx_word' id='word_1_467' title='bbox 1476 2887 1506 2938; x_wconf 89' lang='grc'><strong>2*</strong></span> <span class='ocrx_word' id='word_1_468' title='bbox 1521 2887 1583 2940; x_wconf 82' lang='lat' dir='ltr'><strong>Vide</strong></span> <span class='ocrx_word' id='word_1_469' title='bbox 1602 2889 1629 2940; x_wconf 92' lang='lat' dir='ltr'><strong>V.</strong></span> <span class='ocrx_word' id='word_1_470' title='bbox 1642 2887 1709 2944; x_wconf 81' lang='lat' dir='ltr'><strong>Sint·</strong></span> <span class='ocrx_word' id='word_1_471' title='bbox 1748 2905 1797 2942; x_wconf 94' lang='lat' dir='ltr'><strong>non</strong></span> <span class='ocrx_word' id='word_1_472' title='bbox 1818 2889 1931 2942; x_wconf 81' lang='lat' dir='ltr'><strong>excindit</strong></span> <span class='ocrx_word' id='word_1_473' title='bbox 1949 2893 1996 2942; x_wconf 92' lang='lat' dir='ltr'><strong>nisi</strong></span> <span class='ocrx_word' id='word_1_474' title='bbox 2016 2891 2192 2942; x_wconf 73' lang='lat' dir='ltr'><strong>diversitatem</strong></span> <span class='ocrx_word' id='word_1_475' title='bbox 2217 2889 2380 2942; x_wconf 84' lang='lat' dir='ltr'><strong>essentialem</strong></span> 
     </span>
    </p>
   </div>
   <div class='ocr_carea' id='block_1_2' title="bbox 410 603 474 672">
    <p class='ocr_par' dir='ltr' id='par_1_8' title="bbox 410 603 474 672">
     <span class='ocr_line' id='line_1_28' title="bbox 410 603 474 672; baseline 0.063 -4"><span class='ocrx_word' id='word_1_476' title='bbox 410 603 474 672; x_wconf 87' lang='grc'><strong>498</strong></span> 
     </span>
    </p>
   </div>
   <div class='ocr_carea' id='block_1_3' title="bbox 303 2973 2379 3048">
    <p class='ocr_par' dir='ltr' id='par_1_9' title="bbox 303 2973 2379 3048">
     <span class='ocr_line' id='line_1_29' title="bbox 303 2973 2379 3048; baseline -0.002 -16"><span class='ocrx_word' id='word_1_477' title='bbox 303 2989 304 2992; x_wconf 72' lang='grc'>’</span> <span class='ocrx_word' id='word_1_478' title='bbox 403 2983 576 3034; x_wconf 75' lang='lat' dir='ltr'><strong>8-Unum</strong></span> <span class='ocrx_word' id='word_1_479' title='bbox 595 2977 723 3048; x_wconf 86' lang='lat' dir='ltr'><strong>estquod</strong></span> <span class='ocrx_word' id='word_1_480' title='bbox 742 2993 792 3032; x_wconf 90' lang='lat' dir='ltr'><strong>nun</strong></span> <span class='ocrx_word' id='word_1_481' title='bbox 814 2977 964 3030; x_wconf 88' lang='lat' dir='ltr'><strong>dividiturl</strong></span> <span class='ocrx_word' id='word_1_482' title='bbox 984 2973 1035 3026; x_wconf 90' lang='grc'><strong>420</strong></span> <span class='ocrx_word' id='word_1_483' title='bbox 1073 2979 1143 3048; x_wconf 70' lang='lat' dir='ltr'><strong>ploce.</strong></span> <span class='ocrx_word' id='word_1_484' title='bbox 1748 2979 1767 3028; x_wconf 97' lang='lat' dir='ltr'>V</span> <span class='ocrx_word' id='word_1_485' title='bbox 1788 2977 1821 3028; x_wconf 87' lang='grc'><strong>67</strong></span> <span class='ocrx_word' id='word_1_486' title='bbox 1842 2975 1887 3028; x_wconf 88' lang='grc'>42*</span> <span class='ocrx_word' id='word_1_487' title='bbox 1905 3005 1941 3018; x_wconf 84' lang='lat'>-</span> <span class='ocrx_word' id='word_1_488' title='bbox 1959 2981 2063 3044; x_wconf 81' lang='lat' dir='ltr'><strong>generis</strong></span> <span class='ocrx_word' id='word_1_489' title='bbox 2081 2989 2105 3030; x_wconf 90' lang='lat' dir='ltr'><strong>et</strong></span> <span class='ocrx_word' id='word_1_490' title='bbox 2125 2979 2219 3042; x_wconf 87' lang='lat' dir='ltr'><strong>speciei</strong></span> <span class='ocrx_word' id='word_1_491' title='bbox 2239 2985 2277 3030; x_wconf 88' lang='lat' dir='ltr'><strong>est</strong></span> <span class='ocrx_word' id='word_1_492' title='bbox 2296 2979 2379 3030; x_wconf 91' lang='lat' dir='ltr'><strong>solum</strong></span> 
     </span>
    </p>
   </div>
   <div class='ocr_carea' id='block_1_4' title="bbox 390 3065 2391 6922">
    <p class='ocr_par' dir='ltr' id='par_1_10' title="bbox 401 3065 2380 3310">
     <span class='ocr_line' id='line_1_30' title="bbox 403 3065 2025 3134; baseline -0.002 -14"><span class='ocrx_word' id='word_1_493' title='bbox 403 3071 481 3134; x_wconf 84' lang='lat' dir='ltr'><strong>arg.l</strong></span> <span class='ocrx_word' id='word_1_494' title='bbox 499 3069 660 3122; x_wconf 78' lang='lat' dir='ltr'><strong>-eitolutiit</strong></span> <span class='ocrx_word' id='word_1_495' title='bbox 678 3067 923 3132; x_wconf 87' lang='lat' dir='ltr'><strong>divisionem‚quoe</strong></span> <span class='ocrx_word' id='word_1_496' title='bbox 943 3067 979 3114; x_wconf 91' lang='lat' dir='ltr'><strong>est</strong></span> <span class='ocrx_word' id='word_1_497' title='bbox 999 3069 1035 3114; x_wconf 91' lang='lat' dir='ltr'><strong>to·</strong></span> <span class='ocrx_word' id='word_1_498' title='bbox 1127 3073 1218 3118; x_wconf 92' lang='lat' dir='ltr'><strong>—est</strong></span> <span class='ocrx_word' id='word_1_499' title='bbox 1247 3067 1409 3118; x_wconf 85' lang='lat' dir='ltr'><strong>indivisionis</strong></span> <span class='ocrx_word' id='word_1_500' title='bbox 1438 3069 1462 3116; x_wconf 91' lang='lat' dir='ltr'><strong>et</strong></span> <span class='ocrx_word' id='word_1_501' title='bbox 1491 3065 1677 3116; x_wconf 80' lang='lat' dir='ltr'><strong>coniuctuitatis</strong></span> <span class='ocrx_word' id='word_1_502' title='bbox 1700 3067 1707 3116; x_wconf 96' lang='lat' dir='ltr'><strong>l</strong></span> <span class='ocrx_word' id='word_1_503' title='bbox 1747 3067 1900 3118; x_wconf 82' lang='grc'>4444404444</span> <span class='ocrx_word' id='word_1_504' title='bbox 1922 3067 1954 3116; x_wconf 92' lang='grc'><strong>00</strong></span> <span class='ocrx_word' id='word_1_505' title='bbox 1976 3069 2025 3118; x_wconf 79' lang='grc'><strong>42</strong></span> 
     </span>
     <span class='ocr_line' id='line_1_31' title="bbox 403 3151 2380 3222; baseline -0.001 -16"><span class='ocrx_word' id='word_1_506' title='bbox 403 3159 454 3208; x_wconf 88' lang='grc'>4404</span> <span class='ocrx_word' id='word_1_507' title='bbox 471 3157 496 3208; x_wconf 88' lang='grc'><strong>40</strong></span> <span class='ocrx_word' id='word_1_508' title='bbox 517 3161 602 3222; x_wconf 88' lang='lat' dir='ltr'><strong>partes</strong></span> <span class='ocrx_word' id='word_1_509' title='bbox 623 3157 645 3208; x_wconf 95' lang='lat' dir='ltr'>V</span> <span class='ocrx_word' id='word_1_510' title='bbox 663 3155 698 3206; x_wconf 89' lang='grc'><strong>66</strong></span> <span class='ocrx_word' id='word_1_511' title='bbox 718 3151 747 3206; x_wconf 89' lang='grc'><strong>3*</strong></span> <span class='ocrx_word' id='word_1_512' title='bbox 766 3181 799 3194; x_wconf 84' lang='grc'><strong>--</strong></span> <span class='ocrx_word' id='word_1_513' title='bbox 819 3157 869 3204; x_wconf 89' lang='lat' dir='ltr'><strong>Ens</strong></span> <span class='ocrx_word' id='word_1_514' title='bbox 893 3157 931 3204; x_wconf 91' lang='lat' dir='ltr'><strong>est</strong></span> <span class='ocrx_word' id='word_1_515' title='bbox 955 3163 1034 3202; x_wconf 88' lang='lat' dir='ltr'><strong>uuum</strong></span> <span class='ocrx_word' id='word_1_516' title='bbox 1074 3155 1125 3208; x_wconf 88' lang='grc'><strong>547</strong></span> <span class='ocrx_word' id='word_1_517' title='bbox 1145 3153 1183 3208; x_wconf 86' lang='grc'><strong>4*.</strong></span> <span class='ocrx_word' id='word_1_518' title='bbox 1202 3153 1253 3208; x_wconf 88' lang='grc'><strong>540</strong></span> <span class='ocrx_word' id='word_1_519' title='bbox 1275 3151 1302 3204; x_wconf 87' lang='grc'><strong>4*</strong></span> <span class='ocrx_word' id='word_1_520' title='bbox 1799 3181 1833 3192; x_wconf 89' lang='grc'>-</span> <span class='ocrx_word' id='word_1_521' title='bbox 1852 3155 2002 3218; x_wconf 84' lang='lat' dir='ltr'><strong>simplicitet·</strong></span> <span class='ocrx_word' id='word_1_522' title='bbox 2021 3163 2060 3206; x_wconf 89' lang='lat' dir='ltr'><strong>est</strong></span> <span class='ocrx_word' id='word_1_523' title='bbox 2079 3157 2164 3208; x_wconf 89' lang='lat' dir='ltr'><strong>unitas</strong></span> <span class='ocrx_word' id='word_1_524' title='bbox 2183 3169 2293 3206; x_wconf 88' lang='lat' dir='ltr'><strong>numero</strong></span> <span class='ocrx_word' id='word_1_525' title='bbox 2308 3151 2380 3206; x_wconf 88' lang='grc'>4547</span> 
     </span>
     <span class='ocr_line' id='line_1_32' title="bbox 401 3239 2380 3310; baseline -0.002 -14"><span class='ocrx_word' id='word_1_526' title='bbox 401 3259 450 3310; x_wconf 87' lang='lat' dir='ltr'><strong>per</strong></span> <span class='ocrx_word' id='word_1_527' title='bbox 467 3245 651 3296; x_wconf 89' lang='lat' dir='ltr'><strong>indivisionem</strong></span> <span class='ocrx_word' id='word_1_528' title='bbox 669 3245 710 3294; x_wconf 90' lang='lat' dir='ltr'><strong>sui</strong></span> <span class='ocrx_word' id='word_1_529' title='bbox 728 3243 755 3292; x_wconf 94' lang='lat' dir='ltr'><strong>iu</strong></span> <span class='ocrx_word' id='word_1_530' title='bbox 774 3257 802 3294; x_wconf 89' lang='grc'><strong>44</strong></span> <span class='ocrx_word' id='word_1_531' title='bbox 823 3241 846 3292; x_wconf 93' lang='lat' dir='ltr'>V</span> <span class='ocrx_word' id='word_1_532' title='bbox 865 3241 916 3292; x_wconf 89' lang='grc'><strong>245</strong></span> <span class='ocrx_word' id='word_1_533' title='bbox 936 3255 950 3292; x_wconf 87' lang='grc'><strong>4</strong></span> <span class='ocrx_word' id='word_1_534' title='bbox 1126 3271 1160 3282; x_wconf 95' lang='grc'>-</span> <span class='ocrx_word' id='word_1_535' title='bbox 1179 3253 1216 3296; x_wconf 89' lang='lat' dir='ltr'><strong>est</strong></span> <span class='ocrx_word' id='word_1_536' title='bbox 1235 3243 1398 3308; x_wconf 78' lang='lat' dir='ltr'><strong>integritatis,</strong></span> <span class='ocrx_word' id='word_1_537' title='bbox 1412 3243 1454 3292; x_wconf 87' lang='lat' dir='ltr'><strong>vel</strong></span> <span class='ocrx_word' id='word_1_538' title='bbox 1467 3241 1567 3292; x_wconf 88' lang='grc'>4444044</span> <span class='ocrx_word' id='word_1_539' title='bbox 1580 3253 1708 3304; x_wconf 76' lang='lat' dir='ltr'><strong>aggrega·</strong></span> <span class='ocrx_word' id='word_1_540' title='bbox 1746 3241 1762 3292; x_wconf 94' lang='grc'><strong>4.</strong></span> <span class='ocrx_word' id='word_1_541' title='bbox 1781 3241 1808 3306; x_wconf 91' lang='grc'><strong>4,</strong></span> <span class='ocrx_word' id='word_1_542' title='bbox 1828 3239 1855 3292; x_wconf 88' lang='grc'><strong>4*</strong></span> <span class='ocrx_word' id='word_1_543' title='bbox 1876 3269 1909 3278; x_wconf 90' lang='grc'><strong>-</strong></span> <span class='ocrx_word' id='word_1_544' title='bbox 1929 3241 2014 3294; x_wconf 89' lang='lat' dir='ltr'><strong>Unum</strong></span> <span class='ocrx_word' id='word_1_545' title='bbox 2035 3255 2145 3294; x_wconf 89' lang='lat' dir='ltr'><strong>numero</strong></span> <span class='ocrx_word' id='word_1_546' title='bbox 2170 3247 2207 3292; x_wconf 90' lang='lat' dir='ltr'><strong>est</strong></span> <span class='ocrx_word' id='word_1_547' title='bbox 2233 3243 2304 3308; x_wconf 90' lang='lat' dir='ltr'><strong>quud</strong></span> <span class='ocrx_word' id='word_1_548' title='bbox 2328 3255 2380 3292; x_wconf 93' lang='lat' dir='ltr'><strong>non</strong></span> 
     </span>
    </p>

    <p class='ocr_par' dir='ltr' id='par_1_11' title="bbox 398 3327 2379 4188">
     <span class='ocr_line' id='line_1_33' title="bbox 453 3327 2378 3394; baseline -0.002 -10"><span class='ocrx_word' id='word_1_549' title='bbox 453 3359 486 3372; x_wconf 89' lang='lat'>-</span> <span class='ocrx_word' id='word_1_550' title='bbox 505 3333 579 3384; x_wconf 84' lang='lat' dir='ltr'><strong>Ratio</strong></span> <span class='ocrx_word' id='word_1_551' title='bbox 597 3331 700 3384; x_wconf 90' lang='lat' dir='ltr'><strong>unitatis</strong></span> <span class='ocrx_word' id='word_1_552' title='bbox 717 3335 758 3382; x_wconf 86' lang='grc'><strong>444</strong></span> <span class='ocrx_word' id='word_1_553' title='bbox 776 3331 840 3382; x_wconf 88' lang='lat' dir='ltr'><strong>ratio</strong></span> <span class='ocrx_word' id='word_1_554' title='bbox 865 3329 1034 3382; x_wconf 87' lang='lat' dir='ltr'><strong>distinctionis</strong></span> <span class='ocrx_word' id='word_1_555' title='bbox 1073 3331 1436 3394; x_wconf 58' lang='grc'>00444104074440-</span> <span class='ocrx_word' id='word_1_556' title='bbox 1459 3337 1499 3382; x_wconf 88' lang='grc'><strong>444</strong></span> <span class='ocrx_word' id='word_1_557' title='bbox 1522 3327 1705 3392; x_wconf 81' lang='lat' dir='ltr'><strong>simplicitatis,</strong></span> <span class='ocrx_word' id='word_1_558' title='bbox 1745 3335 1782 3380; x_wconf 89' lang='lat' dir='ltr'><strong>est</strong></span> <span class='ocrx_word' id='word_1_559' title='bbox 1803 3329 2378 3394; x_wconf 83' lang='lat' dir='ltr'><strong>multiplicabilenecmultiplicatum1363</strong></span> 
     </span>
     <span class='ocr_line' id='line_1_34' title="bbox 400 3415 2379 3486; baseline -0.002 -14"><span class='ocrx_word' id='word_1_560' title='bbox 400 3433 460 3472; x_wconf 87' lang='grc'>4040</span> <span class='ocrx_word' id='word_1_561' title='bbox 479 3421 636 3472; x_wconf 86' lang='lat' dir='ltr'><strong>indivisione</strong></span> <span class='ocrx_word' id='word_1_562' title='bbox 655 3419 662 3468; x_wconf 96' lang='lat' dir='ltr'><strong>l</strong></span> <span class='ocrx_word' id='word_1_563' title='bbox 683 3415 732 3468; x_wconf 89' lang='grc'><strong>424</strong></span> <span class='ocrx_word' id='word_1_564' title='bbox 753 3433 822 3472; x_wconf 80' lang='lat' dir='ltr'><strong>a·-</strong></span> <span class='ocrx_word' id='word_1_565' title='bbox 841 3419 888 3470; x_wconf 82' lang='lat' dir='ltr'><strong>Per</strong></span> <span class='ocrx_word' id='word_1_566' title='bbox 905 3429 934 3468; x_wconf 90' lang='lat' dir='ltr'><strong>se</strong></span> <span class='ocrx_word' id='word_1_567' title='bbox 953 3429 1033 3468; x_wconf 92' lang='lat' dir='ltr'><strong>uuum</strong></span> <span class='ocrx_word' id='word_1_568' title='bbox 1074 3421 1115 3472; x_wconf 89' lang='grc'><strong>444</strong></span> <span class='ocrx_word' id='word_1_569' title='bbox 1134 3421 1285 3484; x_wconf 81' lang='lat' dir='ltr'><strong>integritatis</strong></span> <span class='ocrx_word' id='word_1_570' title='bbox 1304 3415 1336 3470; x_wconf 83' lang='lat' dir='ltr'><strong>ib.</strong></span> <span class='ocrx_word' id='word_1_571' title='bbox 1355 3417 1428 3470; x_wconf 88' lang='lat' dir='ltr'><strong>b-</strong></span> <span class='ocrx_word' id='word_1_572' title='bbox 1448 3417 1530 3486; x_wconf 87' lang='lat' dir='ltr'><strong>Unum</strong></span> <span class='ocrx_word' id='word_1_573' title='bbox 1550 3417 1644 3468; x_wconf 89' lang='lat' dir='ltr'><strong>dicitur</strong></span> <span class='ocrx_word' id='word_1_574' title='bbox 1662 3415 1706 3466; x_wconf 90' lang='lat' dir='ltr'><strong>ali·</strong></span> <span class='ocrx_word' id='word_1_575' title='bbox 1745 3417 1761 3468; x_wconf 92' lang='grc'><strong>4.</strong></span> <span class='ocrx_word' id='word_1_576' title='bbox 1780 3417 1796 3466; x_wconf 90' lang='grc'><strong>6</strong></span> <span class='ocrx_word' id='word_1_577' title='bbox 1816 3445 1850 3456; x_wconf 94' lang='grc'>-</span> <span class='ocrx_word' id='word_1_578' title='bbox 1870 3415 1953 3468; x_wconf 89' lang='lat' dir='ltr'><strong>Unum</strong></span> <span class='ocrx_word' id='word_1_579' title='bbox 1975 3431 2084 3470; x_wconf 89' lang='lat' dir='ltr'><strong>numero</strong></span> <span class='ocrx_word' id='word_1_580' title='bbox 2104 3419 2199 3470; x_wconf 86' lang='lat' dir='ltr'><strong>unitate</strong></span> <span class='ocrx_word' id='word_1_581' title='bbox 2213 3419 2340 3482; x_wconf 88' lang='lat' dir='ltr'><strong>completa</strong></span> <span class='ocrx_word' id='word_1_582' title='bbox 2356 3422 2379 3468; x_wconf 91' lang='grc'><strong>44</strong></span> 
     </span>
     <span class='ocr_line' id='line_1_35' title="bbox 401 3503 2379 3574; baseline -0.001 -16"><span class='ocrx_word' id='word_1_583' title='bbox 401 3511 507 3574; x_wconf 89' lang='lat' dir='ltr'><strong>proprie</strong></span> <span class='ocrx_word' id='word_1_584' title='bbox 525 3507 619 3560; x_wconf 89' lang='lat' dir='ltr'><strong>dicitur</strong></span> <span class='ocrx_word' id='word_1_585' title='bbox 639 3519 734 3570; x_wconf 90' lang='grc'>00040,</span> <span class='ocrx_word' id='word_1_586' title='bbox 764 3505 837 3574; x_wconf 89' lang='lat' dir='ltr'><strong>quod</strong></span> <span class='ocrx_word' id='word_1_587' title='bbox 863 3513 902 3558; x_wconf 87' lang='lat' dir='ltr'><strong>est</strong></span> <span class='ocrx_word' id='word_1_588' title='bbox 929 3507 1035 3558; x_wconf 91' lang='lat' dir='ltr'><strong>omnino</strong></span> <span class='ocrx_word' id='word_1_589' title='bbox 1073 3509 1137 3574; x_wconf 88' lang='lat' dir='ltr'><strong>quid</strong></span> <span class='ocrx_word' id='word_1_590' title='bbox 1155 3507 1272 3572; x_wconf 86' lang='lat' dir='ltr'><strong>simplex,</strong></span> <span class='ocrx_word' id='word_1_591' title='bbox 1292 3505 1335 3556; x_wconf 86' lang='lat' dir='ltr'><strong>vei</strong></span> <span class='ocrx_word' id='word_1_592' title='bbox 1353 3505 1425 3574; x_wconf 91' lang='lat' dir='ltr'><strong>quoti</strong></span> <span class='ocrx_word' id='word_1_593' title='bbox 1445 3505 1522 3556; x_wconf 88' lang='lat' dir='ltr'><strong>muita</strong></span> <span class='ocrx_word' id='word_1_594' title='bbox 1543 3505 1653 3558; x_wconf 84' lang='lat' dir='ltr'><strong>continet</strong></span> <span class='ocrx_word' id='word_1_595' title='bbox 1674 3505 1705 3556; x_wconf 95' lang='lat' dir='ltr'><strong>lV</strong></span> <span class='ocrx_word' id='word_1_596' title='bbox 1744 3505 1834 3556; x_wconf 88' lang='lat' dir='ltr'><strong>actuali</strong></span> <span class='ocrx_word' id='word_1_597' title='bbox 1854 3505 2075 3558; x_wconf 88' lang='lat' dir='ltr'><strong>estindividuum</strong></span> <span class='ocrx_word' id='word_1_598' title='bbox 2096 3505 2180 3558; x_wconf 90' lang='grc'>44404</span> <span class='ocrx_word' id='word_1_599' title='bbox 2204 3503 2379 3556; x_wconf 87' lang='grc'>2*-444040</span> 
     </span>
     <span class='ocr_line' id='line_1_36' title="bbox 401 3593 2379 3658; baseline -0.001 -10"><span class='ocrx_word' id='word_1_600' title='bbox 401 3595 548 3648; x_wconf 90' lang='lat' dir='ltr'><strong>distinctum</strong></span> <span class='ocrx_word' id='word_1_601' title='bbox 570 3595 602 3646; x_wconf 89' lang='lat' dir='ltr'><strong>ab</strong></span> <span class='ocrx_word' id='word_1_602' title='bbox 622 3595 678 3646; x_wconf 89' lang='lat' dir='ltr'><strong>aliis</strong></span> <span class='ocrx_word' id='word_1_603' title='bbox 698 3599 721 3646; x_wconf 89' lang='lat' dir='ltr'><strong>et</strong></span> <span class='ocrx_word' id='word_1_604' title='bbox 740 3595 766 3646; x_wconf 91' lang='lat' dir='ltr'><strong>in</strong></span> <span class='ocrx_word' id='word_1_605' title='bbox 784 3607 814 3646; x_wconf 85' lang='lat' dir='ltr'><strong>se</strong></span> <span class='ocrx_word' id='word_1_606' title='bbox 832 3595 1008 3646; x_wconf 89' lang='lat' dir='ltr'><strong>indistinctum</strong></span> <span class='ocrx_word' id='word_1_607' title='bbox 1027 3595 1034 3644; x_wconf 96' lang='lat' dir='ltr'><strong>l</strong></span> <span class='ocrx_word' id='word_1_608' title='bbox 1073 3597 1125 3650; x_wconf 87' lang='grc'><strong>325</strong></span> <span class='ocrx_word' id='word_1_609' title='bbox 1143 3595 1160 3646; x_wconf 91' lang='grc'><strong>0</strong></span> <span class='ocrx_word' id='word_1_610' title='bbox 1180 3625 1214 3634; x_wconf 89' lang='lat'><strong>-—</strong></span> <span class='ocrx_word' id='word_1_611' title='bbox 1232 3595 1260 3646; x_wconf 91' lang='lat' dir='ltr'><strong>in</strong></span> <span class='ocrx_word' id='word_1_612' title='bbox 1277 3593 1409 3658; x_wconf 89' lang='lat' dir='ltr'><strong>principiis</strong></span> <span class='ocrx_word' id='word_1_613' title='bbox 1429 3601 1466 3644; x_wconf 90' lang='lat' dir='ltr'><strong>est</strong></span> <span class='ocrx_word' id='word_1_614' title='bbox 1486 3593 1662 3658; x_wconf 86' lang='lat' dir='ltr'><strong>simplicitatis,</strong></span> <span class='ocrx_word' id='word_1_615' title='bbox 1681 3593 1705 3642; x_wconf 95' lang='lat' dir='ltr'><strong>in</strong></span> <span class='ocrx_word' id='word_1_616' title='bbox 1745 3607 1853 3646; x_wconf 88' lang='lat' dir='ltr'><strong>numero</strong></span> <span class='ocrx_word' id='word_1_617' title='bbox 1872 3597 1955 3658; x_wconf 87' lang='lat' dir='ltr'><strong>potest</strong></span> <span class='ocrx_word' id='word_1_618' title='bbox 1975 3595 2024 3646; x_wconf 89' lang='lat' dir='ltr'><strong>dici</strong></span> <span class='ocrx_word' id='word_1_619' title='bbox 2045 3595 2077 3646; x_wconf 89' lang='lat' dir='ltr'><strong>de</strong></span> <span class='ocrx_word' id='word_1_620' title='bbox 2096 3607 2127 3646; x_wconf 91' lang='lat' dir='ltr'><strong>eo</strong></span> <span class='ocrx_word' id='word_1_621' title='bbox 2140 3593 2212 3658; x_wconf 90' lang='lat' dir='ltr'><strong>quod</strong></span> <span class='ocrx_word' id='word_1_622' title='bbox 2227 3607 2276 3644; x_wconf 92' lang='lat' dir='ltr'><strong>nou</strong></span> <span class='ocrx_word' id='word_1_623' title='bbox 2292 3607 2379 3646; x_wconf 86' lang='lat' dir='ltr'><strong>nurne-</strong></span> 
     </span>
     <span class='ocr_line' id='line_1_37' title="bbox 401 3679 2379 3750; baseline -0.001 -16"><span class='ocrx_word' id='word_1_624' title='bbox 401 3683 452 3736; x_wconf 84' lang='grc'><strong>403</strong></span> <span class='ocrx_word' id='word_1_625' title='bbox 470 3685 486 3736; x_wconf 95' lang='grc'><strong>0</strong></span> <span class='ocrx_word' id='word_1_626' title='bbox 506 3711 540 3724; x_wconf 89' lang='lat'><em>-</em></span> <span class='ocrx_word' id='word_1_627' title='bbox 560 3683 645 3734; x_wconf 89' lang='lat' dir='ltr'><strong>Unum</strong></span> <span class='ocrx_word' id='word_1_628' title='bbox 663 3683 765 3736; x_wconf 89' lang='lat' dir='ltr'><strong>ratione</strong></span> <span class='ocrx_word' id='word_1_629' title='bbox 781 3689 917 3747; x_wconf 90' lang='lat' dir='ltr'><strong>respectus</strong></span> <span class='ocrx_word' id='word_1_630' title='bbox 937 3681 969 3734; x_wconf 91' lang='lat' dir='ltr'><strong>ad</strong></span> <span class='ocrx_word' id='word_1_631' title='bbox 982 3695 1034 3732; x_wconf 86' lang='grc'>404·</span> <span class='ocrx_word' id='word_1_632' title='bbox 1073 3685 1222 3750; x_wconf 90' lang='lat' dir='ltr'><strong>compositis</strong></span> <span class='ocrx_word' id='word_1_633' title='bbox 1249 3685 1305 3736; x_wconf 88' lang='lat' dir='ltr'><strong>sive</strong></span> <span class='ocrx_word' id='word_1_634' title='bbox 1330 3683 1490 3746; x_wconf 86' lang='lat' dir='ltr'><strong>principiatis</strong></span> <span class='ocrx_word' id='word_1_635' title='bbox 1516 3687 1557 3732; x_wconf 90' lang='lat' dir='ltr'><strong>est</strong></span> <span class='ocrx_word' id='word_1_636' title='bbox 1579 3679 1707 3732; x_wconf 88' lang='lat' dir='ltr'><strong>totalitatis</strong></span> <span class='ocrx_word' id='word_1_637' title='bbox 1745 3679 1899 3734; x_wconf 76' lang='lat' dir='ltr'><strong>rainolde</strong></span> <span class='ocrx_word' id='word_1_638' title='bbox 1919 3709 1953 3718; x_wconf 90' lang='grc'><strong>-</strong></span> <span class='ocrx_word' id='word_1_639' title='bbox 1973 3683 2379 3748; x_wconf 86' lang='lat' dir='ltr'><strong>Unumnumet·o,proutrespi·</strong></span> 
     </span>
     <span class='ocr_line' id='line_1_38' title="bbox 401 3769 2379 3838; baseline -0.002 -14"><span class='ocrx_word' id='word_1_640' title='bbox 401 3773 489 3824; x_wconf 88' lang='lat' dir='ltr'><strong>teriam</strong></span> <span class='ocrx_word' id='word_1_641' title='bbox 510 3777 547 3826; x_wconf 86' lang='lat' dir='ltr'><strong>esi</strong></span> <span class='ocrx_word' id='word_1_642' title='bbox 566 3773 591 3822; x_wconf 92' lang='lat' dir='ltr'><strong>in</strong></span> <span class='ocrx_word' id='word_1_643' title='bbox 611 3769 799 3824; x_wconf 87' lang='lat' dir='ltr'><strong>seindivisum</strong></span> <span class='ocrx_word' id='word_1_644' title='bbox 821 3777 844 3822; x_wconf 90' lang='lat' dir='ltr'><strong>et</strong></span> <span class='ocrx_word' id='word_1_645' title='bbox 864 3771 975 3834; x_wconf 87' lang='lat' dir='ltr'><strong>potantia</strong></span> <span class='ocrx_word' id='word_1_646' title='bbox 998 3771 1035 3822; x_wconf 91' lang='lat' dir='ltr'><strong>di·</strong></span> <span class='ocrx_word' id='word_1_647' title='bbox 1073 3787 1119 3826; x_wconf 88' lang='grc'><strong>440</strong></span> <span class='ocrx_word' id='word_1_648' title='bbox 1139 3771 1320 3838; x_wconf 89' lang='lat' dir='ltr'><strong>plenitudinis,</strong></span> <span class='ocrx_word' id='word_1_649' title='bbox 1343 3771 1370 3822; x_wconf 92' lang='lat' dir='ltr'><strong>in</strong></span> <span class='ocrx_word' id='word_1_650' title='bbox 1395 3769 1586 3822; x_wconf 87' lang='lat' dir='ltr'><strong>universalibus</strong></span> <span class='ocrx_word' id='word_1_651' title='bbox 1610 3769 1707 3820; x_wconf 87' lang='lat' dir='ltr'><strong>coulor·</strong></span> <span class='ocrx_word' id='word_1_652' title='bbox 1745 3769 1776 3820; x_wconf 90' lang='lat' dir='ltr'><strong>cit</strong></span> <span class='ocrx_word' id='word_1_653' title='bbox 1796 3771 1942 3834; x_wconf 88' lang='lat' dir='ltr'><strong>essentiam,</strong></span> <span class='ocrx_word' id='word_1_654' title='bbox 1960 3785 1990 3822; x_wconf 92' lang='lat' dir='ltr'><strong>se</strong></span> <span class='ocrx_word' id='word_1_655' title='bbox 2007 3769 2120 3822; x_wconf 86' lang='lat' dir='ltr'><strong>extendit</strong></span> <span class='ocrx_word' id='word_1_656' title='bbox 2137 3769 2171 3820; x_wconf 86' lang='lat' dir='ltr'><strong>ad</strong></span> <span class='ocrx_word' id='word_1_657' title='bbox 2190 3771 2313 3822; x_wconf 89' lang='lat' dir='ltr'><strong>unitatem</strong></span> <span class='ocrx_word' id='word_1_658' title='bbox 2327 3783 2379 3820; x_wconf 89' lang='lat' dir='ltr'><strong>rua·</strong></span> 
     </span>
     <span class='ocr_line' id='line_1_39' title="bbox 399 3855 2379 3924; baseline -0.001 -14"><span class='ocrx_word' id='word_1_659' title='bbox 399 3859 500 3912; x_wconf 88' lang='lat' dir='ltr'><strong>visibile</strong></span> <span class='ocrx_word' id='word_1_660' title='bbox 520 3861 526 3910; x_wconf 95' lang='lat' dir='ltr'><strong>l</strong></span> <span class='ocrx_word' id='word_1_661' title='bbox 545 3859 592 3912; x_wconf 91' lang='grc'><strong>424</strong></span> <span class='ocrx_word' id='word_1_662' title='bbox 615 3859 688 3910; x_wconf 82' lang='lat' dir='ltr'><strong>b·-</strong></span> <span class='ocrx_word' id='word_1_663' title='bbox 707 3857 777 3910; x_wconf 87' lang='lat' dir='ltr'><strong>idem</strong></span> <span class='ocrx_word' id='word_1_664' title='bbox 807 3865 844 3910; x_wconf 89' lang='lat' dir='ltr'><strong>esi</strong></span> <span class='ocrx_word' id='word_1_665' title='bbox 870 3871 927 3910; x_wconf 87' lang='lat' dir='ltr'><strong>esse</strong></span> <span class='ocrx_word' id='word_1_666' title='bbox 953 3871 1033 3912; x_wconf 91' lang='lat' dir='ltr'><strong>unum</strong></span> <span class='ocrx_word' id='word_1_667' title='bbox 1073 3861 1181 3924; x_wconf 84' lang='lat' dir='ltr'><strong>mitaris,</strong></span> <span class='ocrx_word' id='word_1_668' title='bbox 1208 3861 1233 3910; x_wconf 92' lang='lat' dir='ltr'><strong>in</strong></span> <span class='ocrx_word' id='word_1_669' title='bbox 1264 3857 1463 3924; x_wconf 87' lang='lat' dir='ltr'><strong>particularibus</strong></span> <span class='ocrx_word' id='word_1_670' title='bbox 1491 3855 1707 3910; x_wconf 85' lang='lat' dir='ltr'><strong>innumerabilita·</strong></span> <span class='ocrx_word' id='word_1_671' title='bbox 1743 3859 1805 3910; x_wconf 86' lang='lat' dir='ltr'><strong>ioris</strong></span> <span class='ocrx_word' id='word_1_672' title='bbox 1823 3859 1980 3924; x_wconf 85' lang='lat' dir='ltr'><strong>capacitatis,</strong></span> <span class='ocrx_word' id='word_1_673' title='bbox 1999 3859 2379 3924; x_wconf 87' lang='lat' dir='ltr'><strong>quamsituuitasindividua·</strong></span> 
     </span>
     <span class='ocr_line' id='line_1_40' title="bbox 398 3945 2378 4014; baseline -0.001 -14"><span class='ocrx_word' id='word_1_674' title='bbox 398 3953 498 4000; x_wconf 84' lang='grc'>444444</span> <span class='ocrx_word' id='word_1_675' title='bbox 519 3949 664 4000; x_wconf 90' lang='lat' dir='ltr'><strong>distinctum</strong></span> <span class='ocrx_word' id='word_1_676' title='bbox 687 3945 801 4000; x_wconf 88' lang='grc'>44234.</span> <span class='ocrx_word' id='word_1_677' title='bbox 822 3947 1034 4000; x_wconf 82' lang='lat' dir='ltr'><strong>3—Unumra·</strong></span> <span class='ocrx_word' id='word_1_678' title='bbox 1073 3951 1117 4014; x_wconf 85' lang='grc'>444,</span> <span class='ocrx_word' id='word_1_679' title='bbox 1141 3951 1165 4000; x_wconf 90' lang='lat' dir='ltr'><strong>in</strong></span> <span class='ocrx_word' id='word_1_680' title='bbox 1187 3953 1276 4000; x_wconf 86' lang='lat' dir='ltr'><strong>natura</strong></span> <span class='ocrx_word' id='word_1_681' title='bbox 1296 3947 1520 4012; x_wconf 84' lang='lat' dir='ltr'><strong>inseparabilitatis</strong></span> <span class='ocrx_word' id='word_1_682' title='bbox 1539 3945 1561 3996; x_wconf 91' lang='lat' dir='ltr'>V</span> <span class='ocrx_word' id='word_1_683' title='bbox 1577 3945 1705 3994; x_wconf 87' lang='lat' dir='ltr'><strong>38l8-</strong></span> <span class='ocrx_word' id='word_1_684' title='bbox 1744 3949 1772 3998; x_wconf 90' lang='grc'><strong>444</strong></span> <span class='ocrx_word' id='word_1_685' title='bbox 1791 3945 1826 4000; x_wconf 76' lang='lat' dir='ltr'><strong>ili.</strong></span> <span class='ocrx_word' id='word_1_686' title='bbox 1847 3945 2029 4000; x_wconf 83' lang='lat' dir='ltr'><strong>i*-Unum</strong></span> <span class='ocrx_word' id='word_1_687' title='bbox 2060 3961 2184 4012; x_wconf 87' lang='lat' dir='ltr'><strong>numeru,</strong></span> <span class='ocrx_word' id='word_1_688' title='bbox 2214 3955 2294 4010; x_wconf 86' lang='lat' dir='ltr'><strong>prout</strong></span> <span class='ocrx_word' id='word_1_689' title='bbox 2318 3945 2378 4000; x_wconf 84' lang='lat' dir='ltr'><strong>dicit</strong></span> 
     </span>
     <span class='ocr_line' id='line_1_41' title="bbox 399 4031 2377 4102; baseline 0.001 -18"><span class='ocrx_word' id='word_1_690' title='bbox 399 4037 466 4088; x_wconf 91' lang='lat' dir='ltr'><strong>tione</strong></span> <span class='ocrx_word' id='word_1_691' title='bbox 484 4041 618 4099; x_wconf 87' lang='lat' dir='ltr'><strong>respectus</strong></span> <span class='ocrx_word' id='word_1_692' title='bbox 638 4033 670 4086; x_wconf 89' lang='lat' dir='ltr'><strong>ad</strong></span> <span class='ocrx_word' id='word_1_693' title='bbox 691 4035 802 4088; x_wconf 76' lang='lat' dir='ltr'><strong>sormam</strong></span> <span class='ocrx_word' id='word_1_694' title='bbox 825 4033 901 4088; x_wconf 87' lang='grc'>04044</span> <span class='ocrx_word' id='word_1_695' title='bbox 920 4047 976 4086; x_wconf 88' lang='lat' dir='ltr'><strong>esse</strong></span> <span class='ocrx_word' id='word_1_696' title='bbox 998 4035 1034 4086; x_wconf 90' lang='lat' dir='ltr'><strong>di·</strong></span> <span class='ocrx_word' id='word_1_697' title='bbox 1072 4035 1224 4102; x_wconf 79' lang='lat' dir='ltr'><strong>integritatis</strong></span> <span class='ocrx_word' id='word_1_698' title='bbox 1253 4033 1386 4086; x_wconf 91' lang='lat' dir='ltr'><strong>absolutae</strong></span> <span class='ocrx_word' id='word_1_699' title='bbox 1412 4039 1464 4096; x_wconf 91' lang='lat' dir='ltr'><strong>est,</strong></span> <span class='ocrx_word' id='word_1_700' title='bbox 1492 4031 1596 4098; x_wconf 88' lang='lat' dir='ltr'><strong>quando</strong></span> <span class='ocrx_word' id='word_1_701' title='bbox 1622 4031 1704 4096; x_wconf 85' lang='lat' dir='ltr'><strong>aliqua</strong></span> <span class='ocrx_word' id='word_1_702' title='bbox 1744 4037 1873 4096; x_wconf 88' lang='lat' dir='ltr'><strong>accidens,</strong></span> <span class='ocrx_word' id='word_1_703' title='bbox 1892 4035 1934 4086; x_wconf 88' lang='lat' dir='ltr'><strong>vel</strong></span> <span class='ocrx_word' id='word_1_704' title='bbox 1952 4037 2121 4102; x_wconf 89' lang='lat' dir='ltr'><strong>consequitur</strong></span> <span class='ocrx_word' id='word_1_705' title='bbox 2137 4047 2195 4086; x_wconf 89' lang='lat' dir='ltr'><strong>esse</strong></span> <span class='ocrx_word' id='word_1_706' title='bbox 2214 4037 2321 4096; x_wconf 90' lang='lat' dir='ltr'><strong>actuale,</strong></span> <span class='ocrx_word' id='word_1_707' title='bbox 2341 4049 2377 4086; x_wconf 84' lang='lat' dir='ltr'><strong>re·</strong></span> 
     </span>
     <span class='ocr_line' id='line_1_42' title="bbox 398 4121 2377 4188; baseline -0.001 -14"><span class='ocrx_word' id='word_1_708' title='bbox 398 4123 519 4176; x_wconf 90' lang='lat' dir='ltr'><strong>stinctum</strong></span> <span class='ocrx_word' id='word_1_709' title='bbox 536 4131 562 4174; x_wconf 92' lang='lat' dir='ltr'><strong>et</strong></span> <span class='ocrx_word' id='word_1_710' title='bbox 582 4123 717 4174; x_wconf 87' lang='lat' dir='ltr'><strong>limitatum</strong></span> <span class='ocrx_word' id='word_1_711' title='bbox 737 4123 745 4174; x_wconf 96' lang='lat' dir='ltr'><strong>l</strong></span> <span class='ocrx_word' id='word_1_712' title='bbox 765 4123 810 4174; x_wconf 89' lang='grc'><strong>424</strong></span> <span class='ocrx_word' id='word_1_713' title='bbox 835 4123 851 4174; x_wconf 94' lang='grc'><strong>0</strong></span> <span class='ocrx_word' id='word_1_714' title='bbox 1073 4125 1197 4176; x_wconf 90' lang='lat' dir='ltr'><strong>uniuntur</strong></span> <span class='ocrx_word' id='word_1_715' title='bbox 1220 4123 1247 4174; x_wconf 94' lang='lat' dir='ltr'><strong>in</strong></span> <span class='ocrx_word' id='word_1_716' title='bbox 1267 4123 1341 4174; x_wconf 88' lang='lat' dir='ltr'><strong>tertio</strong></span> <span class='ocrx_word' id='word_1_717' title='bbox 1367 4131 1489 4186; x_wconf 90' lang='lat' dir='ltr'><strong>tanquam</strong></span> <span class='ocrx_word' id='word_1_718' title='bbox 1514 4121 1539 4170; x_wconf 92' lang='lat' dir='ltr'><strong>in</strong></span> <span class='ocrx_word' id='word_1_719' title='bbox 1565 4121 1661 4184; x_wconf 88' lang='grc'>444404,</span> <span class='ocrx_word' id='word_1_720' title='bbox 1681 4121 1704 4168; x_wconf 90' lang='grc'><strong>44</strong></span> <span class='ocrx_word' id='word_1_721' title='bbox 1745 4123 1819 4188; x_wconf 90' lang='lat' dir='ltr'><strong>spicit</strong></span> <span class='ocrx_word' id='word_1_722' title='bbox 1836 4123 2002 4176; x_wconf 87' lang='lat' dir='ltr'><strong>individuum</strong></span> <span class='ocrx_word' id='word_1_723' title='bbox 2021 4121 2091 4186; x_wconf 82' lang='lat' dir='ltr'><strong>idid,</strong></span> <span class='ocrx_word' id='word_1_724' title='bbox 2112 4121 2139 4174; x_wconf 82' lang='grc'><strong>3*</strong></span> <span class='ocrx_word' id='word_1_725' title='bbox 2159 4149 2192 4162; x_wconf 67' lang='grc'><strong>«-</strong></span> <span class='ocrx_word' id='word_1_726' title='bbox 2211 4135 2320 4174; x_wconf 87' lang='lat' dir='ltr'><strong>numero</strong></span> <span class='ocrx_word' id='word_1_727' title='bbox 2340 4137 2377 4174; x_wconf 87' lang='lat' dir='ltr'><strong>re·</strong></span> 
     </span>
    </p>

    <p class='ocr_par' dir='ltr' id='par_1_12' title="bbox 398 4209 2377 4450">
     <span class='ocr_line' id='line_1_43' title="bbox 453 4209 2376 4276; baseline 0 -14"><span class='ocrx_word' id='word_1_728' title='bbox 453 4235 487 4250; x_wconf 89' lang='lat'>-</span> <span class='ocrx_word' id='word_1_729' title='bbox 506 4211 591 4262; x_wconf 86' lang='lat' dir='ltr'><strong>Unum</strong></span> <span class='ocrx_word' id='word_1_730' title='bbox 610 4211 638 4260; x_wconf 94' lang='lat' dir='ltr'><strong>in</strong></span> <span class='ocrx_word' id='word_1_731' title='bbox 656 4213 781 4264; x_wconf 90' lang='lat' dir='ltr'><strong>creaturis</strong></span> <span class='ocrx_word' id='word_1_732' title='bbox 800 4209 941 4264; x_wconf 81' lang='lat' dir='ltr'><strong>attenditur·</strong></span> <span class='ocrx_word' id='word_1_733' title='bbox 958 4213 1033 4262; x_wconf 87' lang='lat' dir='ltr'><strong>etse·</strong></span> <span class='ocrx_word' id='word_1_734' title='bbox 1072 4213 1265 4276; x_wconf 90' lang='lat' dir='ltr'><strong>comparatione</strong></span> <span class='ocrx_word' id='word_1_735' title='bbox 1292 4217 1344 4274; x_wconf 85' lang='lat' dir='ltr'><strong>est,</strong></span> <span class='ocrx_word' id='word_1_736' title='bbox 1374 4209 1479 4276; x_wconf 90' lang='lat' dir='ltr'><strong>quando</strong></span> <span class='ocrx_word' id='word_1_737' title='bbox 1507 4209 1631 4258; x_wconf 87' lang='lat' dir='ltr'><strong>uniuntur</strong></span> <span class='ocrx_word' id='word_1_738' title='bbox 1652 4209 1705 4260; x_wconf 90' lang='lat' dir='ltr'><strong>tan·</strong></span> <span class='ocrx_word' id='word_1_739' title='bbox 1744 4211 1819 4276; x_wconf 89' lang='lat' dir='ltr'><strong>spicit</strong></span> <span class='ocrx_word' id='word_1_740' title='bbox 1842 4211 2002 4262; x_wconf 88' lang='lat' dir='ltr'><strong>identitatem</strong></span> <span class='ocrx_word' id='word_1_741' title='bbox 2029 4211 2157 4276; x_wconf 89' lang='lat' dir='ltr'><strong>suppositi</strong></span> <span class='ocrx_word' id='word_1_742' title='bbox 2177 4215 2203 4262; x_wconf 90' lang='lat' dir='ltr'><strong>ut</strong></span> <span class='ocrx_word' id='word_1_743' title='bbox 2230 4211 2300 4276; x_wconf 91' lang='lat' dir='ltr'><strong>quud</strong></span> <span class='ocrx_word' id='word_1_744' title='bbox 2324 4219 2376 4276; x_wconf 89' lang='lat' dir='ltr'><strong>est,</strong></span> 
     </span>
     <span class='ocr_line' id='line_1_44' title="bbox 402 4295 2097 4366; baseline 0.001 -18"><span class='ocrx_word' id='word_1_745' title='bbox 402 4297 518 4348; x_wconf 91' lang='lat' dir='ltr'><strong>cundum</strong></span> <span class='ocrx_word' id='word_1_746' title='bbox 537 4297 649 4348; x_wconf 86' lang='lat' dir='ltr'><strong>lormant</strong></span> <span class='ocrx_word' id='word_1_747' title='bbox 667 4301 694 4346; x_wconf 93' lang='lat' dir='ltr'><strong>et</strong></span> <span class='ocrx_word' id='word_1_748' title='bbox 711 4297 855 4348; x_wconf 89' lang='lat' dir='ltr'><strong>secundum</strong></span> <span class='ocrx_word' id='word_1_749' title='bbox 878 4297 1032 4348; x_wconf 80' lang='lat' dir='ltr'><strong>materiam!</strong></span> <span class='ocrx_word' id='word_1_750' title='bbox 1071 4315 1149 4366; x_wconf 71' lang='lat' dir='ltr'><strong>&lt;quam</strong></span> <span class='ocrx_word' id='word_1_751' title='bbox 1169 4301 1195 4350; x_wconf 92' lang='lat' dir='ltr'><strong>iu</strong></span> <span class='ocrx_word' id='word_1_752' title='bbox 1214 4299 1289 4364; x_wconf 83' lang='lat' dir='ltr'><strong>signo</strong></span> <span class='ocrx_word' id='word_1_753' title='bbox 1310 4297 1340 4348; x_wconf 93' lang='lat' dir='ltr'><strong>lV</strong></span> <span class='ocrx_word' id='word_1_754' title='bbox 1363 4295 1412 4348; x_wconf 86' lang='grc'><strong>407</strong></span> <span class='ocrx_word' id='word_1_755' title='bbox 1433 4297 1450 4348; x_wconf 93' lang='grc'><strong>0</strong></span> <span class='ocrx_word' id='word_1_756' title='bbox 1743 4299 1783 4350; x_wconf 87' lang='grc'><strong>444</strong></span> <span class='ocrx_word' id='word_1_757' title='bbox 1805 4305 1831 4350; x_wconf 88' lang='grc'><strong>04</strong></span> <span class='ocrx_word' id='word_1_758' title='bbox 1850 4301 1894 4364; x_wconf 91' lang='lat' dir='ltr'><strong>qui</strong></span> <span class='ocrx_word' id='word_1_759' title='bbox 1914 4303 1951 4350; x_wconf 90' lang='lat' dir='ltr'><strong>est</strong></span> <span class='ocrx_word' id='word_1_760' title='bbox 1970 4301 1979 4350; x_wconf 95' lang='lat' dir='ltr'><strong>l</strong></span> <span class='ocrx_word' id='word_1_761' title='bbox 1999 4297 2050 4350; x_wconf 91' lang='grc'><strong>364</strong></span> <span class='ocrx_word' id='word_1_762' title='bbox 2069 4297 2097 4348; x_wconf 91' lang='grc'><strong>4*</strong></span> 
     </span>
     <span class='ocr_line' id='line_1_45' title="bbox 398 4381 2377 4450; baseline 0.002 -16"><span class='ocrx_word' id='word_1_763' title='bbox 398 4381 444 4434; x_wconf 92' lang='grc'><strong>424</strong></span> <span class='ocrx_word' id='word_1_764' title='bbox 468 4385 483 4436; x_wconf 91' lang='grc'><strong>0</strong></span> <span class='ocrx_word' id='word_1_765' title='bbox 1123 4415 1157 4428; x_wconf 83' lang='lat'><strong>--</strong></span> <span class='ocrx_word' id='word_1_766' title='bbox 1177 4387 1313 4438; x_wconf 89' lang='lat' dir='ltr'><strong>nominum</strong></span> <span class='ocrx_word' id='word_1_767' title='bbox 1338 4387 1533 4436; x_wconf 87' lang='lat' dir='ltr'><strong>collectivorum</strong></span> <span class='ocrx_word' id='word_1_768' title='bbox 1561 4387 1598 4432; x_wconf 88' lang='lat' dir='ltr'><strong>est</strong></span> <span class='ocrx_word' id='word_1_769' title='bbox 1623 4383 1706 4434; x_wconf 88' lang='lat' dir='ltr'><strong>unitas</strong></span> <span class='ocrx_word' id='word_1_770' title='bbox 1797 4413 1828 4422; x_wconf 91' lang='lat'>-</span> <span class='ocrx_word' id='word_1_771' title='bbox 1848 4387 1934 4438; x_wconf 85' lang='lat' dir='ltr'><strong>Unum</strong></span> <span class='ocrx_word' id='word_1_772' title='bbox 1952 4399 2064 4438; x_wconf 85' lang='lat' dir='ltr'><strong>numero</strong></span> <span class='ocrx_word' id='word_1_773' title='bbox 2081 4395 2121 4438; x_wconf 90' lang='lat' dir='ltr'><strong>est</strong></span> <span class='ocrx_word' id='word_1_774' title='bbox 2139 4385 2209 4450; x_wconf 91' lang='lat' dir='ltr'><strong>quud</strong></span> <span class='ocrx_word' id='word_1_775' title='bbox 2237 4399 2287 4438; x_wconf 92' lang='lat' dir='ltr'><strong>non</strong></span> <span class='ocrx_word' id='word_1_776' title='bbox 2312 4387 2377 4438; x_wconf 86' lang='lat' dir='ltr'><strong>reci·</strong></span> 
     </span>
    </p>

    <p class='ocr_par' dir='ltr' id='par_1_13' title="bbox 392 4471 2376 6126">
     <span class='ocr_line' id='line_1_46' title="bbox 450 4471 2376 4540; baseline 0.001 -16"><span class='ocrx_word' id='word_1_777' title='bbox 450 4501 481 4510; x_wconf 70' lang='grc'><strong>·-</strong></span> <span class='ocrx_word' id='word_1_778' title='bbox 502 4473 587 4524; x_wconf 89' lang='lat' dir='ltr'><strong>Unum</strong></span> <span class='ocrx_word' id='word_1_779' title='bbox 605 4475 731 4538; x_wconf 87' lang='lat' dir='ltr'><strong>quantum</strong></span> <span class='ocrx_word' id='word_1_780' title='bbox 753 4471 785 4524; x_wconf 88' lang='lat' dir='ltr'><strong>ad</strong></span> <span class='ocrx_word' id='word_1_781' title='bbox 812 4473 938 4524; x_wconf 89' lang='lat' dir='ltr'><strong>rationem</strong></span> <span class='ocrx_word' id='word_1_782' title='bbox 961 4471 1031 4522; x_wconf 88' lang='lat' dir='ltr'><strong>intel·</strong></span> <span class='ocrx_word' id='word_1_783' title='bbox 1070 4477 1263 4540; x_wconf 81' lang='lat' dir='ltr'><strong>aggregationis</strong></span> <span class='ocrx_word' id='word_1_784' title='bbox 1282 4475 1290 4522; x_wconf 96' lang='lat' dir='ltr'><strong>l</strong></span> <span class='ocrx_word' id='word_1_785' title='bbox 1313 4471 1398 4524; x_wconf 89' lang='grc'>4200</span> <span class='ocrx_word' id='word_1_786' title='bbox 1744 4477 1779 4540; x_wconf 90' lang='lat' dir='ltr'><strong>pit</strong></span> <span class='ocrx_word' id='word_1_787' title='bbox 1798 4475 1989 4528; x_wconf 83' lang='lat' dir='ltr'><strong>distinctionem</strong></span> <span class='ocrx_word' id='word_1_788' title='bbox 2008 4477 2013 4524; x_wconf 95' lang='lat' dir='ltr'><strong>l</strong></span> <span class='ocrx_word' id='word_1_789' title='bbox 2035 4475 2086 4528; x_wconf 89' lang='grc'><strong>605</strong></span> <span class='ocrx_word' id='word_1_790' title='bbox 2106 4489 2162 4540; x_wconf 80' lang='lat' dir='ltr'><strong>arg.</strong></span> <span class='ocrx_word' id='word_1_791' title='bbox 2183 4473 2206 4526; x_wconf 93' lang='grc'><strong>4.</strong></span> <span class='ocrx_word' id='word_1_792' title='bbox 2227 4475 2244 4526; x_wconf 93' lang='grc'><strong>44</strong></span> <span class='ocrx_word' id='word_1_793' title='bbox 2263 4477 2298 4526; x_wconf 90' lang='grc'><strong>00</strong></span> <span class='ocrx_word' id='word_1_794' title='bbox 2316 4475 2332 4526; x_wconf 91' lang='grc'><strong>4.</strong></span> <span class='ocrx_word' id='word_1_795' title='bbox 2353 4477 2376 4526; x_wconf 92' lang='grc'><strong>4.</strong></span> 
     </span>
     <span class='ocr_line' id='line_1_47' title="bbox 397 4559 2376 4626; baseline 0.002 -14"><span class='ocrx_word' id='word_1_796' title='bbox 397 4561 491 4624; x_wconf 77' lang='lat' dir='ltr'><strong>ligendi</strong></span> <span class='ocrx_word' id='word_1_797' title='bbox 514 4561 605 4612; x_wconf 90' lang='lat' dir='ltr'><strong>dicitur</strong></span> <span class='ocrx_word' id='word_1_798' title='bbox 632 4561 789 4624; x_wconf 77' lang='lat' dir='ltr'><strong>privative!</strong></span> <span class='ocrx_word' id='word_1_799' title='bbox 818 4559 862 4612; x_wconf 89' lang='grc'><strong>424</strong></span> <span class='ocrx_word' id='word_1_800' title='bbox 893 4573 906 4618; x_wconf 88' lang='grc'><strong>4</strong></span> <span class='ocrx_word' id='word_1_801' title='bbox 933 4573 971 4624; x_wconf 90' lang='lat' dir='ltr'><strong>sq.</strong></span> <span class='ocrx_word' id='word_1_802' title='bbox 996 4587 1030 4596; x_wconf 93' lang='lat'>-</span> <span class='ocrx_word' id='word_1_803' title='bbox 1121 4591 1155 4600; x_wconf 88' lang='lat'>—</span> <span class='ocrx_word' id='word_1_804' title='bbox 1175 4559 1704 4626; x_wconf 80' lang='lat' dir='ltr'><strong>aggregationis-sequiturpluralitatem,</strong></span> <span class='ocrx_word' id='word_1_805' title='bbox 1744 4563 1793 4612; x_wconf 92' lang='grc'><strong>400</strong></span> <span class='ocrx_word' id='word_1_806' title='bbox 1815 4561 1831 4614; x_wconf 91' lang='grc'><strong>0</strong></span> <span class='ocrx_word' id='word_1_807' title='bbox 1856 4591 1888 4600; x_wconf 86' lang='grc'><strong>-</strong></span> <span class='ocrx_word' id='word_1_808' title='bbox 1911 4563 1996 4616; x_wconf 89' lang='lat' dir='ltr'><strong>Unum</strong></span> <span class='ocrx_word' id='word_1_809' title='bbox 2015 4577 2125 4616; x_wconf 91' lang='lat' dir='ltr'><strong>numero</strong></span> <span class='ocrx_word' id='word_1_810' title='bbox 2144 4577 2194 4618; x_wconf 92' lang='lat' dir='ltr'><strong>non</strong></span> <span class='ocrx_word' id='word_1_811' title='bbox 2214 4569 2254 4614; x_wconf 89' lang='lat' dir='ltr'><strong>cst</strong></span> <span class='ocrx_word' id='word_1_812' title='bbox 2272 4561 2376 4616; x_wconf 90' lang='lat' dir='ltr'><strong>dicibile</strong></span> 
     </span>
     <span class='ocr_line' id='line_1_48' title="bbox 397 4645 2376 4718; baseline 0.004 -22"><span class='ocrx_word' id='word_1_813' title='bbox 397 4649 468 4700; x_wconf 88' lang='lat' dir='ltr'><strong>ilatio</strong></span> <span class='ocrx_word' id='word_1_814' title='bbox 494 4649 597 4698; x_wconf 90' lang='lat' dir='ltr'><strong>unitatis</strong></span> <span class='ocrx_word' id='word_1_815' title='bbox 623 4647 769 4710; x_wconf 83' lang='lat' dir='ltr'><strong>assignatur</strong></span> <span class='ocrx_word' id='word_1_816' title='bbox 791 4663 840 4710; x_wconf 85' lang='lat' dir='ltr'><strong>pet·</strong></span> <span class='ocrx_word' id='word_1_817' title='bbox 857 4649 1029 4712; x_wconf 83' lang='lat' dir='ltr'><strong>privationem</strong></span> <span class='ocrx_word' id='word_1_818' title='bbox 1070 4663 1122 4702; x_wconf 91' lang='lat' dir='ltr'><strong>nou</strong></span> <span class='ocrx_word' id='word_1_819' title='bbox 1142 4655 1227 4702; x_wconf 84' lang='lat' dir='ltr'><strong>autem</strong></span> <span class='ocrx_word' id='word_1_820' title='bbox 1250 4651 1333 4702; x_wconf 90' lang='lat' dir='ltr'><strong>unitas</strong></span> <span class='ocrx_word' id='word_1_821' title='bbox 1352 4649 1452 4700; x_wconf 86' lang='grc'>4444044</span> <span class='ocrx_word' id='word_1_822' title='bbox 1470 4649 1479 4698; x_wconf 94' lang='grc'><strong>4</strong></span> <span class='ocrx_word' id='word_1_823' title='bbox 1500 4645 1586 4698; x_wconf 86' lang='grc'>4200</span> <span class='ocrx_word' id='word_1_824' title='bbox 1742 4651 1773 4702; x_wconf 89' lang='lat' dir='ltr'><strong>de</strong></span> <span class='ocrx_word' id='word_1_825' title='bbox 1795 4651 1913 4716; x_wconf 88' lang='lat' dir='ltr'><strong>pluribus</strong></span> <span class='ocrx_word' id='word_1_826' title='bbox 1932 4651 1939 4702; x_wconf 98' lang='grc'>1</span> <span class='ocrx_word' id='word_1_827' title='bbox 1958 4651 2010 4704; x_wconf 93' lang='grc'><strong>364</strong></span> <span class='ocrx_word' id='word_1_828' title='bbox 2030 4667 2043 4702; x_wconf 90' lang='grc'><strong>4</strong></span> <span class='ocrx_word' id='word_1_829' title='bbox 2063 4679 2099 4690; x_wconf 88' lang='grc'><strong>--</strong></span> <span class='ocrx_word' id='word_1_830' title='bbox 2117 4651 2376 4718; x_wconf 86' lang='lat' dir='ltr'><strong>Qttaectttuquesunl</strong></span> 
     </span>
     <span class='ocr_line' id='line_1_49' title="bbox 398 4733 2375 4804; baseline 0.004 -18"><span class='ocrx_word' id='word_1_831' title='bbox 398 4735 532 4788; x_wconf 87' lang='lat' dir='ltr'><strong>divisionis</strong></span> <span class='ocrx_word' id='word_1_832' title='bbox 550 4739 606 4786; x_wconf 88' lang='lat' dir='ltr'><strong>sive</strong></span> <span class='ocrx_word' id='word_1_833' title='bbox 626 4735 795 4788; x_wconf 88' lang='lat' dir='ltr'><strong>multitudinis</strong></span> <span class='ocrx_word' id='word_1_834' title='bbox 815 4733 847 4790; x_wconf 87' lang='grc'><strong>40.</strong></span> <span class='ocrx_word' id='word_1_835' title='bbox 866 4735 933 4792; x_wconf 85' lang='lat' dir='ltr'><strong>b-</strong></span> <span class='ocrx_word' id='word_1_836' title='bbox 945 4735 1029 4788; x_wconf 91' lang='lat' dir='ltr'><strong>Unum</strong></span> <span class='ocrx_word' id='word_1_837' title='bbox 1123 4765 1155 4776; x_wconf 88' lang='lat'><em>-</em></span> <span class='ocrx_word' id='word_1_838' title='bbox 1175 4739 1307 4790; x_wconf 88' lang='lat' dir='ltr'><strong>collectiva</strong></span> <span class='ocrx_word' id='word_1_839' title='bbox 1327 4745 1366 4790; x_wconf 88' lang='lat' dir='ltr'><strong>est</strong></span> <span class='ocrx_word' id='word_1_840' title='bbox 1386 4737 1492 4788; x_wconf 91' lang='lat' dir='ltr'><strong>minima</strong></span> <span class='ocrx_word' id='word_1_841' title='bbox 1511 4743 1535 4786; x_wconf 89' lang='lat' dir='ltr'><strong>et</strong></span> <span class='ocrx_word' id='word_1_842' title='bbox 1559 4735 1703 4786; x_wconf 87' lang='lat' dir='ltr'><strong>secuudum</strong></span> <span class='ocrx_word' id='word_1_843' title='bbox 1742 4753 1822 4792; x_wconf 93' lang='lat' dir='ltr'><strong>unum</strong></span> <span class='ocrx_word' id='word_1_844' title='bbox 1836 4753 1947 4792; x_wconf 87' lang='lat' dir='ltr'><strong>numero</strong></span> <span class='ocrx_word' id='word_1_845' title='bbox 1960 4753 2011 4792; x_wconf 92' lang='lat' dir='ltr'><strong>non</strong></span> <span class='ocrx_word' id='word_1_846' title='bbox 2026 4745 2135 4804; x_wconf 89' lang='lat' dir='ltr'><strong>possunt</strong></span> <span class='ocrx_word' id='word_1_847' title='bbox 2148 4739 2253 4792; x_wconf 86' lang='lat' dir='ltr'><strong>uiiierre</strong></span> <span class='ocrx_word' id='word_1_848' title='bbox 2265 4753 2375 4792; x_wconf 84' lang='lat' dir='ltr'><strong>numero</strong></span> 
     </span>
     <span class='ocr_line' id='line_1_50' title="bbox 395 4823 2376 4894; baseline 0.002 -18"><span class='ocrx_word' id='word_1_849' title='bbox 395 4825 524 4888; x_wconf 86' lang='lat' dir='ltr'><strong>privative</strong></span> <span class='ocrx_word' id='word_1_850' title='bbox 541 4823 645 4888; x_wconf 89' lang='lat' dir='ltr'><strong>dicitur,</strong></span> <span class='ocrx_word' id='word_1_851' title='bbox 663 4825 724 4888; x_wconf 84' lang='lat' dir='ltr'><strong>quia</strong></span> <span class='ocrx_word' id='word_1_852' title='bbox 745 4837 793 4876; x_wconf 90' lang='lat' dir='ltr'><strong>uon</strong></span> <span class='ocrx_word' id='word_1_853' title='bbox 810 4829 893 4888; x_wconf 89' lang='lat' dir='ltr'><strong>potest</strong></span> <span class='ocrx_word' id='word_1_854' title='bbox 904 4823 1030 4876; x_wconf 86' lang='grc'>4444404044</span> <span class='ocrx_word' id='word_1_855' title='bbox 1069 4825 1133 4894; x_wconf 91' lang='lat' dir='ltr'><strong>quid</strong></span> <span class='ocrx_word' id='word_1_856' title='bbox 1154 4825 1160 4876; x_wconf 95' lang='grc' dir='ltr'>Ι</span> <span class='ocrx_word' id='word_1_857' title='bbox 1182 4825 1232 4876; x_wconf 89' lang='grc'><strong>400</strong></span> <span class='ocrx_word' id='word_1_858' title='bbox 1253 4825 1277 4876; x_wconf 86' lang='lat' dir='ltr'><strong>ti.</strong></span> <span class='ocrx_word' id='word_1_859' title='bbox 1299 4825 1315 4876; x_wconf 79' lang='grc'><strong>0</strong></span> <span class='ocrx_word' id='word_1_860' title='bbox 1741 4831 1748 4878; x_wconf 96' lang='lat' dir='ltr'><strong>l</strong></span> <span class='ocrx_word' id='word_1_861' title='bbox 1769 4829 1821 4880; x_wconf 90' lang='grc'><strong>363</strong></span> <span class='ocrx_word' id='word_1_862' title='bbox 1840 4827 1887 4880; x_wconf 84' lang='lat' dir='ltr'><strong>to</strong></span> <span class='ocrx_word' id='word_1_863' title='bbox 1904 4855 1941 4866; x_wconf 87' lang='lat'><strong>--</strong></span> <span class='ocrx_word' id='word_1_864' title='bbox 1958 4831 2132 4882; x_wconf 81' lang='lat' dir='ltr'><strong>continuitatis</strong></span> <span class='ocrx_word' id='word_1_865' title='bbox 2150 4833 2177 4880; x_wconf 87' lang='lat' dir='ltr'><strong>el</strong></span> <span class='ocrx_word' id='word_1_866' title='bbox 2192 4827 2376 4882; x_wconf 88' lang='lat' dir='ltr'><strong>individuatio·</strong></span> 
     </span>
     <span class='ocr_line' id='line_1_51' title="bbox 395 4909 2374 4978; baseline 0.003 -16"><span class='ocrx_word' id='word_1_867' title='bbox 395 4913 442 4962; x_wconf 92' lang='lat' dir='ltr'><strong>nisi</strong></span> <span class='ocrx_word' id='word_1_868' title='bbox 467 4925 515 4976; x_wconf 89' lang='lat' dir='ltr'><strong>per</strong></span> <span class='ocrx_word' id='word_1_869' title='bbox 533 4915 662 4976; x_wconf 88' lang='lat' dir='ltr'><strong>posterius</strong></span> <span class='ocrx_word' id='word_1_870' title='bbox 687 4909 763 4978; x_wconf 66' lang='lat' dir='ltr'><strong>iiia„</strong></span> <span class='ocrx_word' id='word_1_871' title='bbox 785 4909 814 4960; x_wconf 88' lang='grc'><strong>4*</strong></span> <span class='ocrx_word' id='word_1_872' title='bbox 832 4911 971 4964; x_wconf 91' lang='lat' dir='ltr'><strong>-Unum</strong></span> <span class='ocrx_word' id='word_1_873' title='bbox 991 4927 1030 4964; x_wconf 88' lang='lat' dir='ltr'><strong>se-</strong></span> <span class='ocrx_word' id='word_1_874' title='bbox 1120 4941 1156 4952; x_wconf 94' lang='lat'>-</span> <span class='ocrx_word' id='word_1_875' title='bbox 1175 4913 1299 4966; x_wconf 88' lang='lat' dir='ltr'><strong>naturalis</strong></span> <span class='ocrx_word' id='word_1_876' title='bbox 1319 4919 1356 4964; x_wconf 92' lang='lat' dir='ltr'><strong>est</strong></span> <span class='ocrx_word' id='word_1_877' title='bbox 1369 4915 1393 4964; x_wconf 91' lang='lat' dir='ltr'><strong>in</strong></span> <span class='ocrx_word' id='word_1_878' title='bbox 1408 4911 1571 4978; x_wconf 87' lang='lat' dir='ltr'><strong>quadruplici</strong></span> <span class='ocrx_word' id='word_1_879' title='bbox 1584 4909 1703 4964; x_wconf 81' lang='lat' dir='ltr'><strong>diuet-en·</strong></span> <span class='ocrx_word' id='word_1_880' title='bbox 1742 4915 1779 4966; x_wconf 88' lang='lat' dir='ltr'><strong>nis</strong></span> <span class='ocrx_word' id='word_1_881' title='bbox 1799 4917 1939 4978; x_wconf 87' lang='lat' dir='ltr'><strong>opponitur</strong></span> <span class='ocrx_word' id='word_1_882' title='bbox 1954 4915 2125 4966; x_wconf 89' lang='lat' dir='ltr'><strong>numerationi</strong></span> <span class='ocrx_word' id='word_1_883' title='bbox 2137 4921 2164 4966; x_wconf 91' lang='lat' dir='ltr'><strong>et</strong></span> <span class='ocrx_word' id='word_1_884' title='bbox 2176 4915 2374 4966; x_wconf 88' lang='lat' dir='ltr'><strong>discontinuitati</strong></span> 
     </span>
     <span class='ocr_line' id='line_1_52' title="bbox 398 4999 2376 5066; baseline 0.001 -14"><span class='ocrx_word' id='word_1_885' title='bbox 398 4999 513 5052; x_wconf 91' lang='lat' dir='ltr'><strong>cundum</strong></span> <span class='ocrx_word' id='word_1_886' title='bbox 533 4999 681 5062; x_wconf 83' lang='lat' dir='ltr'><strong>generalem</strong></span> <span class='ocrx_word' id='word_1_887' title='bbox 701 4999 1030 5052; x_wconf 90' lang='lat' dir='ltr'><strong>nominisrationemdicit</strong></span> <span class='ocrx_word' id='word_1_888' title='bbox 1069 5003 1101 5054; x_wconf 90' lang='lat' dir='ltr'><strong>tia</strong></span> <span class='ocrx_word' id='word_1_889' title='bbox 1122 5003 1149 5054; x_wconf 93' lang='lat' dir='ltr'><strong>lli</strong></span> <span class='ocrx_word' id='word_1_890' title='bbox 1170 5003 1215 5052; x_wconf 91' lang='grc'><strong>464</strong></span> <span class='ocrx_word' id='word_1_891' title='bbox 1241 5001 1311 5052; x_wconf 87' lang='grc'><strong>0-</strong></span> <span class='ocrx_word' id='word_1_892' title='bbox 1330 4999 1393 5054; x_wconf 90' lang='grc'>0444</span> <span class='ocrx_word' id='word_1_893' title='bbox 1412 4999 1482 5052; x_wconf 89' lang='lat' dir='ltr'><strong>modi</strong></span> <span class='ocrx_word' id='word_1_894' title='bbox 1508 5001 1584 5050; x_wconf 90' lang='lat' dir='ltr'><strong>anius</strong></span> <span class='ocrx_word' id='word_1_895' title='bbox 1609 4999 1703 5064; x_wconf 91' lang='lat' dir='ltr'><strong>simpli·</strong></span> <span class='ocrx_word' id='word_1_896' title='bbox 1740 5003 1818 5056; x_wconf 91' lang='grc'>44404</span> <span class='ocrx_word' id='word_1_897' title='bbox 1835 4999 2012 5056; x_wconf 87' lang='grc'>3*-4404444</span> <span class='ocrx_word' id='word_1_898' title='bbox 2024 5003 2153 5056; x_wconf 89' lang='lat' dir='ltr'><strong>individui</strong></span> <span class='ocrx_word' id='word_1_899' title='bbox 2167 5011 2297 5066; x_wconf 83' lang='lat' dir='ltr'><strong>repugnat</strong></span> <span class='ocrx_word' id='word_1_900' title='bbox 2308 5003 2376 5054; x_wconf 89' lang='lat' dir='ltr'><strong>mul-</strong></span> 
     </span>
     <span class='ocr_line' id='line_1_53' title="bbox 395 5079 1963 5154; baseline 0.001 -14"><span class='ocrx_word' id='word_1_901' title='bbox 395 5089 568 5152; x_wconf 89' lang='lat' dir='ltr'><strong>privationem</strong></span> <span class='ocrx_word' id='word_1_902' title='bbox 587 5087 767 5154; x_wconf 85' lang='lat' dir='ltr'><strong>multitudinis,-</strong></span> <span class='ocrx_word' id='word_1_903' title='bbox 785 5101 852 5154; x_wconf 88' lang='lat' dir='ltr'><strong>quae</strong></span> <span class='ocrx_word' id='word_1_904' title='bbox 872 5097 958 5140; x_wconf 88' lang='lat' dir='ltr'><strong>tamen</strong></span> <span class='ocrx_word' id='word_1_905' title='bbox 977 5101 1030 5140; x_wconf 84' lang='grc'><strong>444</strong></span> <span class='ocrx_word' id='word_1_906' title='bbox 1069 5091 1133 5142; x_wconf 89' lang='lat' dir='ltr'><strong>citer</strong></span> <span class='ocrx_word' id='word_1_907' title='bbox 1150 5095 1176 5140; x_wconf 88' lang='lat' dir='ltr'><strong>et</strong></span> <span class='ocrx_word' id='word_1_908' title='bbox 1203 5089 1354 5140; x_wconf 88' lang='lat' dir='ltr'><strong>secundum</strong></span> <span class='ocrx_word' id='word_1_909' title='bbox 1378 5089 1441 5154; x_wconf 87' lang='lat' dir='ltr'><strong>quid</strong></span> <span class='ocrx_word' id='word_1_910' title='bbox 1469 5089 1497 5140; x_wconf 92' lang='lat' dir='ltr'><strong>iil</strong></span> <span class='ocrx_word' id='word_1_911' title='bbox 1526 5087 1577 5140; x_wconf 86' lang='grc'><strong>450</strong></span> <span class='ocrx_word' id='word_1_912' title='bbox 1595 5087 1613 5138; x_wconf 90' lang='grc'><strong>4.</strong></span> <span class='ocrx_word' id='word_1_913' title='bbox 1634 5087 1643 5136; x_wconf 93' lang='grc'><strong>4</strong></span> <span class='ocrx_word' id='word_1_914' title='bbox 1667 5113 1701 5126; x_wconf 86' lang='grc'><strong>-</strong></span> <span class='ocrx_word' id='word_1_915' title='bbox 1739 5089 1838 5142; x_wconf 89' lang='lat' dir='ltr'><strong>titudiui</strong></span> <span class='ocrx_word' id='word_1_916' title='bbox 1859 5089 1892 5144; x_wconf 86' lang='grc'><strong>40.</strong></span> <span class='ocrx_word' id='word_1_917' title='bbox 1912 5079 1963 5140; x_wconf 79' lang='grc'><strong>4*</strong></span> 
     </span>
     <span class='ocr_line' id='line_1_54' title="bbox 394 5175 2373 5246; baseline 0.002 -18"><span class='ocrx_word' id='word_1_918' title='bbox 394 5177 451 5228; x_wconf 91' lang='lat' dir='ltr'><strong>liter</strong></span> <span class='ocrx_word' id='word_1_919' title='bbox 467 5181 507 5230; x_wconf 90' lang='grc'><strong>444</strong></span> <span class='ocrx_word' id='word_1_920' title='bbox 526 5179 618 5240; x_wconf 85' lang='lat' dir='ltr'><strong>positio</strong></span> <span class='ocrx_word' id='word_1_921' title='bbox 638 5179 647 5228; x_wconf 97' lang='lat' dir='ltr'><strong>l</strong></span> <span class='ocrx_word' id='word_1_922' title='bbox 665 5175 715 5226; x_wconf 93' lang='grc'><strong>422</strong></span> <span class='ocrx_word' id='word_1_923' title='bbox 736 5175 765 5228; x_wconf 88' lang='grc'>3*</span> <span class='ocrx_word' id='word_1_924' title='bbox 783 5177 917 5228; x_wconf 86' lang='grc'>-00040</span> <span class='ocrx_word' id='word_1_925' title='bbox 934 5177 1029 5228; x_wconf 90' lang='lat' dir='ltr'><strong>ratione</strong></span> <span class='ocrx_word' id='word_1_926' title='bbox 1069 5177 1194 5230; x_wconf 91' lang='lat' dir='ltr'><strong>Undecim</strong></span> <span class='ocrx_word' id='word_1_927' title='bbox 1218 5177 1290 5230; x_wconf 87' lang='lat' dir='ltr'><strong>modi</strong></span> <span class='ocrx_word' id='word_1_928' title='bbox 1317 5179 1393 5230; x_wconf 90' lang='lat' dir='ltr'><strong>nnius</strong></span> <span class='ocrx_word' id='word_1_929' title='bbox 1417 5191 1464 5242; x_wconf 90' lang='lat' dir='ltr'><strong>per</strong></span> <span class='ocrx_word' id='word_1_930' title='bbox 1483 5191 1510 5228; x_wconf 91' lang='lat' dir='ltr'><strong>se</strong></span> <span class='ocrx_word' id='word_1_931' title='bbox 1528 5185 1554 5228; x_wconf 90' lang='lat' dir='ltr'><strong>et</strong></span> <span class='ocrx_word' id='word_1_932' title='bbox 1572 5177 1702 5240; x_wconf 85' lang='lat' dir='ltr'><strong>peracri·</strong></span> <span class='ocrx_word' id='word_1_933' title='bbox 1791 5207 1826 5218; x_wconf 81' lang='lat'><strong>-</strong></span> <span class='ocrx_word' id='word_1_934' title='bbox 1844 5185 1883 5230; x_wconf 86' lang='lat' dir='ltr'><strong>cst</strong></span> <span class='ocrx_word' id='word_1_935' title='bbox 1901 5193 1996 5246; x_wconf 86' lang='lat' dir='ltr'><strong>unum,</strong></span> <span class='ocrx_word' id='word_1_936' title='bbox 2014 5179 2373 5246; x_wconf 89' lang='lat' dir='ltr'><strong>inquouonestmultiiudo</strong></span> 
     </span>
     <span class='ocr_line' id='line_1_55' title="bbox 398 5263 2373 5332; baseline 0.003 -18"><span class='ocrx_word' id='word_1_937' title='bbox 398 5273 531 5328; x_wconf 87' lang='lat' dir='ltr'><strong>respectus</strong></span> <span class='ocrx_word' id='word_1_938' title='bbox 549 5265 584 5316; x_wconf 89' lang='lat' dir='ltr'><strong>ad</strong></span> <span class='ocrx_word' id='word_1_939' title='bbox 602 5267 738 5316; x_wconf 87' lang='lat' dir='ltr'><strong>materiam</strong></span> <span class='ocrx_word' id='word_1_940' title='bbox 759 5279 784 5316; x_wconf 90' lang='lat' dir='ltr'><strong>se</strong></span> <span class='ocrx_word' id='word_1_941' title='bbox 811 5263 890 5316; x_wconf 89' lang='lat' dir='ltr'><strong>babet</strong></span> <span class='ocrx_word' id='word_1_942' title='bbox 912 5279 960 5328; x_wconf 85' lang='lat' dir='ltr'><strong>pet·</strong></span> <span class='ocrx_word' id='word_1_943' title='bbox 977 5265 1029 5316; x_wconf 84' lang='lat' dir='ltr'><strong>rno-</strong></span> <span class='ocrx_word' id='word_1_944' title='bbox 1069 5265 1134 5318; x_wconf 88' lang='lat' dir='ltr'><strong>dens</strong></span> <span class='ocrx_word' id='word_1_945' title='bbox 1163 5265 1298 5318; x_wconf 89' lang='grc'>4444004.</span> <span class='ocrx_word' id='word_1_946' title='bbox 1319 5265 1473 5316; x_wconf 81' lang='grc'>2-044444</span> <span class='ocrx_word' id='word_1_947' title='bbox 1503 5275 1596 5316; x_wconf 85' lang='lat' dir='ltr'><strong>novem</strong></span> <span class='ocrx_word' id='word_1_948' title='bbox 1626 5265 1702 5316; x_wconf 86' lang='lat' dir='ltr'><strong>ouius</strong></span> <span class='ocrx_word' id='word_1_949' title='bbox 1740 5279 1787 5320; x_wconf 89' lang='lat' dir='ltr'><strong>nec</strong></span> <span class='ocrx_word' id='word_1_950' title='bbox 1814 5276 1872 5321; x_wconf 88' lang='lat' dir='ltr'><strong>actu</strong></span> <span class='ocrx_word' id='word_1_951' title='bbox 1901 5281 1947 5320; x_wconf 90' lang='lat' dir='ltr'><strong>nec</strong></span> <span class='ocrx_word' id='word_1_952' title='bbox 1976 5269 2086 5332; x_wconf 90' lang='lat' dir='ltr'><strong>putentia</strong></span> <span class='ocrx_word' id='word_1_953' title='bbox 2117 5269 2143 5320; x_wconf 95' lang='lat' dir='ltr'><strong>lll</strong></span> <span class='ocrx_word' id='word_1_954' title='bbox 2171 5267 2221 5320; x_wconf 89' lang='grc'><strong>450</strong></span> <span class='ocrx_word' id='word_1_955' title='bbox 2242 5269 2256 5320; x_wconf 85' lang='lat' dir='ltr'><strong>i.</strong></span> <span class='ocrx_word' id='word_1_956' title='bbox 2279 5269 2303 5320; x_wconf 92' lang='grc'><strong>4.</strong></span> <span class='ocrx_word' id='word_1_957' title='bbox 2323 5269 2373 5320; x_wconf 90' lang='grc'><strong>462</strong></span> 
     </span>
     <span class='ocr_line' id='line_1_56' title="bbox 395 5351 1830 5418; baseline 0.002 -14"><span class='ocrx_word' id='word_1_958' title='bbox 395 5353 458 5404; x_wconf 86' lang='lat' dir='ltr'><strong>dum</strong></span> <span class='ocrx_word' id='word_1_959' title='bbox 476 5353 639 5418; x_wconf 68' lang='lat' dir='ltr'><strong>privationis</strong></span> <span class='ocrx_word' id='word_1_960' title='bbox 656 5353 757 5404; x_wconf 87' lang='lat' dir='ltr'><strong>ratione</strong></span> <span class='ocrx_word' id='word_1_961' title='bbox 775 5359 909 5416; x_wconf 88' lang='lat' dir='ltr'><strong>respectus</strong></span> <span class='ocrx_word' id='word_1_962' title='bbox 929 5353 963 5404; x_wconf 87' lang='grc'><strong>444</strong></span> <span class='ocrx_word' id='word_1_963' title='bbox 981 5353 1031 5404; x_wconf 84' lang='grc'>444·</span> <span class='ocrx_word' id='word_1_964' title='bbox 1069 5353 1213 5406; x_wconf 88' lang='lat' dir='ltr'><strong>secundnm</strong></span> <span class='ocrx_word' id='word_1_965' title='bbox 1242 5353 1402 5406; x_wconf 84' lang='grc'>0440440044</span> <span class='ocrx_word' id='word_1_966' title='bbox 1431 5351 1463 5406; x_wconf 79' lang='lat' dir='ltr'><strong>ii,</strong></span> <span class='ocrx_word' id='word_1_967' title='bbox 1494 5355 1512 5404; x_wconf 91' lang='grc'><strong>4.</strong></span> <span class='ocrx_word' id='word_1_968' title='bbox 1538 5353 1554 5404; x_wconf 94' lang='grc'>3</span> <span class='ocrx_word' id='word_1_969' title='bbox 1579 5379 1613 5390; x_wconf 77' lang='lat'>-</span> <span class='ocrx_word' id='word_1_970' title='bbox 1633 5353 1701 5404; x_wconf 91' lang='grc'>040444</span> <span class='ocrx_word' id='word_1_971' title='bbox 1739 5355 1830 5418; x_wconf 61' lang='lat' dir='ltr'><strong>arpi</strong></span> 
     </span>
     <span class='ocr_line' id='line_1_57' title="bbox 394 5439 2375 5510; baseline 0.003 -20"><span class='ocrx_word' id='word_1_972' title='bbox 394 5455 465 5492; x_wconf 92' lang='lat' dir='ltr'><strong>mam</strong></span> <span class='ocrx_word' id='word_1_973' title='bbox 490 5443 550 5494; x_wconf 90' lang='lat' dir='ltr'><strong>tiicit</strong></span> <span class='ocrx_word' id='word_1_974' title='bbox 578 5443 732 5506; x_wconf 89' lang='lat' dir='ltr'><strong>positionem</strong></span> <span class='ocrx_word' id='word_1_975' title='bbox 759 5439 834 5492; x_wconf 89' lang='grc'>4424</span> <span class='ocrx_word' id='word_1_976' title='bbox 857 5441 884 5506; x_wconf 91' lang='grc'><strong>0,</strong></span> <span class='ocrx_word' id='word_1_977' title='bbox 902 5439 985 5492; x_wconf 85' lang='grc'><strong>0*-</strong></span> <span class='ocrx_word' id='word_1_978' title='bbox 1004 5443 1030 5492; x_wconf 91' lang='lat' dir='ltr'><strong>in</strong></span> <span class='ocrx_word' id='word_1_979' title='bbox 1068 5443 1140 5494; x_wconf 91' lang='lat' dir='ltr'><strong>modi</strong></span> <span class='ocrx_word' id='word_1_980' title='bbox 1168 5443 1271 5494; x_wconf 89' lang='lat' dir='ltr'><strong>unitatis</strong></span> <span class='ocrx_word' id='word_1_981' title='bbox 1301 5443 1463 5506; x_wconf 80' lang='lat' dir='ltr'><strong>assignantur</strong></span> <span class='ocrx_word' id='word_1_982' title='bbox 1493 5457 1506 5494; x_wconf 88' lang='lat' dir='ltr'><strong>a</strong></span> <span class='ocrx_word' id='word_1_983' title='bbox 1535 5441 1644 5494; x_wconf 87' lang='lat' dir='ltr'><strong>diversis</strong></span> <span class='ocrx_word' id='word_1_984' title='bbox 1669 5441 1700 5494; x_wconf 91' lang='lat' dir='ltr'><strong>lV</strong></span> <span class='ocrx_word' id='word_1_985' title='bbox 1792 5471 1825 5482; x_wconf 92' lang='lat'>-</span> <span class='ocrx_word' id='word_1_986' title='bbox 1844 5443 1926 5506; x_wconf 80' lang='lat' dir='ltr'><strong>Magis</strong></span> <span class='ocrx_word' id='word_1_987' title='bbox 1943 5451 1982 5496; x_wconf 91' lang='lat' dir='ltr'><strong>est</strong></span> <span class='ocrx_word' id='word_1_988' title='bbox 2000 5457 2080 5496; x_wconf 93' lang='lat' dir='ltr'><strong>unum</strong></span> <span class='ocrx_word' id='word_1_989' title='bbox 2102 5443 2174 5510; x_wconf 93' lang='lat' dir='ltr'><strong>quod</strong></span> <span class='ocrx_word' id='word_1_990' title='bbox 2192 5457 2243 5494; x_wconf 88' lang='grc'><strong>040</strong></span> <span class='ocrx_word' id='word_1_991' title='bbox 2256 5453 2296 5498; x_wconf 87' lang='grc'><strong>444</strong></span> <span class='ocrx_word' id='word_1_992' title='bbox 2309 5447 2375 5496; x_wconf 92' lang='lat' dir='ltr'><strong>mul-</strong></span> 
     </span>
     <span class='ocr_line' id='line_1_58' title="bbox 393 5527 2373 5598; baseline 0.002 -18"><span class='ocrx_word' id='word_1_993' title='bbox 393 5527 542 5594; x_wconf 87' lang='lat' dir='ltr'><strong>substantia,</strong></span> <span class='ocrx_word' id='word_1_994' title='bbox 564 5529 605 5582; x_wconf 90' lang='lat' dir='ltr'><strong>vel</strong></span> <span class='ocrx_word' id='word_1_995' title='bbox 626 5529 774 5596; x_wconf 88' lang='lat' dir='ltr'><strong>quantitate,</strong></span> <span class='ocrx_word' id='word_1_996' title='bbox 792 5529 836 5580; x_wconf 90' lang='lat' dir='ltr'><strong>vel</strong></span> <span class='ocrx_word' id='word_1_997' title='bbox 853 5529 976 5596; x_wconf 81' lang='lat' dir='ltr'><strong>qualitate</strong></span> <span class='ocrx_word' id='word_1_998' title='bbox 995 5529 1029 5582; x_wconf 78' lang='lat' dir='ltr'><strong>di</strong></span> <span class='ocrx_word' id='word_1_999' title='bbox 1068 5531 1114 5584; x_wconf 85' lang='grc'><strong>504</strong></span> <span class='ocrx_word' id='word_1_1000' title='bbox 1139 5527 1167 5582; x_wconf 90' lang='grc'><strong>4*</strong></span> <span class='ocrx_word' id='word_1_1001' title='bbox 1739 5529 1876 5596; x_wconf 89' lang='lat' dir='ltr'><strong>tipiicabile</strong></span> <span class='ocrx_word' id='word_1_1002' title='bbox 1894 5545 1943 5584; x_wconf 90' lang='lat' dir='ltr'><strong>uec</strong></span> <span class='ocrx_word' id='word_1_1003' title='bbox 1961 5533 2174 5596; x_wconf 89' lang='lat' dir='ltr'><strong>multiplicatum,</strong></span> <span class='ocrx_word' id='word_1_1004' title='bbox 2197 5545 2277 5596; x_wconf 88' lang='lat' dir='ltr'><strong>quam</strong></span> <span class='ocrx_word' id='word_1_1005' title='bbox 2303 5533 2373 5598; x_wconf 90' lang='lat' dir='ltr'><strong>quot]</strong></span> 
     </span>
     <span class='ocr_line' id='line_1_59' title="bbox 395 5615 2373 5686; baseline 0.002 -18"><span class='ocrx_word' id='word_1_1006' title='bbox 395 5617 459 5668; x_wconf 90' lang='lat' dir='ltr'><strong>citur</strong></span> <span class='ocrx_word' id='word_1_1007' title='bbox 478 5617 597 5682; x_wconf 90' lang='lat' dir='ltr'><strong>positive,</strong></span> <span class='ocrx_word' id='word_1_1008' title='bbox 611 5617 670 5684; x_wconf 92' lang='lat' dir='ltr'><strong>quia</strong></span> <span class='ocrx_word' id='word_1_1009' title='bbox 687 5615 765 5668; x_wconf 87' lang='grc'>04044</span> <span class='ocrx_word' id='word_1_1010' title='bbox 776 5617 875 5684; x_wconf 89' lang='lat' dir='ltr'><strong>aliquid</strong></span> <span class='ocrx_word' id='word_1_1011' title='bbox 890 5619 968 5682; x_wconf 81' lang='lat' dir='ltr'><strong>prim,</strong></span> <span class='ocrx_word' id='word_1_1012' title='bbox 983 5631 1029 5680; x_wconf 84' lang='lat' dir='ltr'><strong>pet·</strong></span> <span class='ocrx_word' id='word_1_1013' title='bbox 1121 5647 1155 5658; x_wconf 94' lang='grc'>-</span> <span class='ocrx_word' id='word_1_1014' title='bbox 1173 5619 1276 5684; x_wconf 89' lang='lat' dir='ltr'><strong>dicitur,</strong></span> <span class='ocrx_word' id='word_1_1015' title='bbox 1298 5633 1348 5684; x_wconf 90' lang='lat' dir='ltr'><strong>qua</strong></span> <span class='ocrx_word' id='word_1_1016' title='bbox 1370 5619 1447 5686; x_wconf 85' lang='lat' dir='ltr'><strong>aliqui</strong></span> <span class='ocrx_word' id='word_1_1017' title='bbox 1469 5625 1529 5670; x_wconf 88' lang='lat' dir='ltr'><strong>sunt</strong></span> <span class='ocrx_word' id='word_1_1018' title='bbox 1548 5631 1638 5680; x_wconf 83' lang='lat' dir='ltr'><strong>unani,</strong></span> <span class='ocrx_word' id='word_1_1019' title='bbox 1658 5623 1701 5670; x_wconf 90' lang='lat' dir='ltr'><strong>aut</strong></span> <span class='ocrx_word' id='word_1_1020' title='bbox 1739 5623 1777 5672; x_wconf 88' lang='lat' dir='ltr'><strong>est</strong></span> <span class='ocrx_word' id='word_1_1021' title='bbox 1796 5617 1989 5682; x_wconf 87' lang='lat' dir='ltr'><strong>multiplicabiio</strong></span> <span class='ocrx_word' id='word_1_1022' title='bbox 2016 5629 2041 5672; x_wconf 85' lang='lat' dir='ltr'><strong>et</strong></span> <span class='ocrx_word' id='word_1_1023' title='bbox 2069 5621 2283 5686; x_wconf 88' lang='lat' dir='ltr'><strong>multiplicatum,</strong></span> <span class='ocrx_word' id='word_1_1024' title='bbox 2313 5635 2373 5674; x_wconf 91' lang='lat' dir='ltr'><strong>cum</strong></span> 
     </span>
     <span class='ocr_line' id='line_1_60' title="bbox 393 5703 2373 5774; baseline 0.003 -18"><span class='ocrx_word' id='word_1_1025' title='bbox 393 5707 462 5770; x_wconf 90' lang='lat' dir='ltr'><strong>quod</strong></span> <span class='ocrx_word' id='word_1_1026' title='bbox 493 5707 575 5770; x_wconf 88' lang='lat' dir='ltr'><strong>possit</strong></span> <span class='ocrx_word' id='word_1_1027' title='bbox 600 5705 709 5768; x_wconf 82' lang='lat' dir='ltr'><strong>intelligi</strong></span> <span class='ocrx_word' id='word_1_1028' title='bbox 732 5703 768 5758; x_wconf 88' lang='lat' dir='ltr'><strong>ib.</strong></span> <span class='ocrx_word' id='word_1_1029' title='bbox 785 5705 804 5758; x_wconf 88' lang='lat' dir='ltr'><strong>b</strong></span> <span class='ocrx_word' id='word_1_1030' title='bbox 822 5733 858 5746; x_wconf 58' lang='grc' dir='ltr'><strong>κ-</strong></span> <span class='ocrx_word' id='word_1_1031' title='bbox 876 5707 961 5758; x_wconf 88' lang='lat' dir='ltr'><strong>&#39;Unum</strong></span> <span class='ocrx_word' id='word_1_1032' title='bbox 980 5719 1029 5770; x_wconf 89' lang='lat' dir='ltr'><strong>per</strong></span> <span class='ocrx_word' id='word_1_1033' title='bbox 1068 5719 1122 5772; x_wconf 89' lang='lat' dir='ltr'><strong>qua</strong></span> <span class='ocrx_word' id='word_1_1034' title='bbox 1139 5706 1217 5772; x_wconf 89' lang='lat' dir='ltr'><strong>aliqui</strong></span> <span class='ocrx_word' id='word_1_1035' title='bbox 1238 5713 1299 5760; x_wconf 89' lang='lat' dir='ltr'><strong>sunt</strong></span> <span class='ocrx_word' id='word_1_1036' title='bbox 1319 5709 1381 5758; x_wconf 91' lang='lat' dir='ltr'><strong>uniti</strong></span> <span class='ocrx_word' id='word_1_1037' title='bbox 1399 5707 1407 5758; x_wconf 97' lang='lat' dir='ltr'><strong>l</strong></span> <span class='ocrx_word' id='word_1_1038' title='bbox 1427 5707 1478 5758; x_wconf 93' lang='grc'><strong>206</strong></span> <span class='ocrx_word' id='word_1_1039' title='bbox 1499 5707 1524 5758; x_wconf 88' lang='lat' dir='ltr'><strong>d.</strong></span> <span class='ocrx_word' id='word_1_1040' title='bbox 1545 5705 1560 5756; x_wconf 89' lang='grc'><strong>4</strong></span> <span class='ocrx_word' id='word_1_1041' title='bbox 1585 5749 1586 5752; x_wconf 64' lang='grc'>,</span> <span class='ocrx_word' id='word_1_1042' title='bbox 1739 5707 1824 5760; x_wconf 87' lang='lat' dir='ltr'><strong>anites</strong></span> <span class='ocrx_word' id='word_1_1043' title='bbox 1840 5713 1866 5758; x_wconf 91' lang='lat' dir='ltr'><strong>ct</strong></span> <span class='ocrx_word' id='word_1_1044' title='bbox 1883 5707 2061 5772; x_wconf 89' lang='lat' dir='ltr'><strong>multiplicatio</strong></span> <span class='ocrx_word' id='word_1_1045' title='bbox 2081 5707 2178 5758; x_wconf 87' lang='lat' dir='ltr'><strong>babent</strong></span> <span class='ocrx_word' id='word_1_1046' title='bbox 2195 5709 2309 5774; x_wconf 90' lang='lat' dir='ltr'><strong>aliquam</strong></span> <span class='ocrx_word' id='word_1_1047' title='bbox 2328 5723 2373 5774; x_wconf 90' lang='lat' dir='ltr'><strong>up·</strong></span> 
     </span>
     <span class='ocr_line' id='line_1_61' title="bbox 392 5785 2059 5862; baseline 0.002 -18"><span class='ocrx_word' id='word_1_1048' title='bbox 392 5799 539 5856; x_wconf 87' lang='lat' dir='ltr'><strong>respectum</strong></span> <span class='ocrx_word' id='word_1_1049' title='bbox 560 5793 592 5848; x_wconf 89' lang='lat' dir='ltr'><strong>ad</strong></span> <span class='ocrx_word' id='word_1_1050' title='bbox 613 5785 748 5858; x_wconf 83' lang='lat' dir='ltr'><strong>materiam</strong></span> <span class='ocrx_word' id='word_1_1051' title='bbox 763 5795 903 5858; x_wconf 90' lang='lat' dir='ltr'><strong>opponitur</strong></span> <span class='ocrx_word' id='word_1_1052' title='bbox 916 5793 1029 5846; x_wconf 86' lang='lat' dir='ltr'><strong>trtultitu·</strong></span> <span class='ocrx_word' id='word_1_1053' title='bbox 1120 5821 1155 5832; x_wconf 88' lang='lat'>-</span> <span class='ocrx_word' id='word_1_1054' title='bbox 1174 5799 1212 5846; x_wconf 90' lang='lat' dir='ltr'><strong>est</strong></span> <span class='ocrx_word' id='word_1_1055' title='bbox 1238 5795 1440 5856; x_wconf 88' lang='lat' dir='ltr'><strong>univocationis,</strong></span> <span class='ocrx_word' id='word_1_1056' title='bbox 1460 5795 1501 5846; x_wconf 90' lang='lat' dir='ltr'><strong>vel</strong></span> <span class='ocrx_word' id='word_1_1057' title='bbox 1520 5794 1653 5858; x_wconf 80' lang='lat' dir='ltr'><strong>analogiae</strong></span> <span class='ocrx_word' id='word_1_1058' title='bbox 1673 5795 1700 5846; x_wconf 91' lang='lat' dir='ltr'><strong>lli</strong></span> <span class='ocrx_word' id='word_1_1059' title='bbox 1739 5797 1890 5862; x_wconf 87' lang='lat' dir='ltr'><strong>positionem</strong></span> <span class='ocrx_word' id='word_1_1060' title='bbox 1912 5797 2010 5848; x_wconf 93' lang='grc'>444463</span> <span class='ocrx_word' id='word_1_1061' title='bbox 2033 5795 2059 5848; x_wconf 88' lang='grc'><strong>4*</strong></span> 
     </span>
     <span class='ocr_line' id='line_1_62' title="bbox 392 5879 2372 5952; baseline 0.003 -20"><span class='ocrx_word' id='word_1_1062' title='bbox 392 5879 446 5932; x_wconf 88' lang='grc'>4444</span> <span class='ocrx_word' id='word_1_1063' title='bbox 464 5881 530 5934; x_wconf 87' lang='grc'>44404</span> <span class='ocrx_word' id='word_1_1064' title='bbox 549 5883 673 5944; x_wconf 89' lang='lat' dir='ltr'><strong>privatio,</strong></span> <span class='ocrx_word' id='word_1_1065' title='bbox 695 5893 741 5944; x_wconf 89' lang='lat' dir='ltr'><strong>per</strong></span> <span class='ocrx_word' id='word_1_1066' title='bbox 761 5889 906 5944; x_wconf 89' lang='lat' dir='ltr'><strong>respectum</strong></span> <span class='ocrx_word' id='word_1_1067' title='bbox 928 5881 960 5932; x_wconf 91' lang='lat' dir='ltr'><strong>ad</strong></span> <span class='ocrx_word' id='word_1_1068' title='bbox 980 5885 1029 5934; x_wconf 80' lang='lat' dir='ltr'><strong>iou</strong></span> <span class='ocrx_word' id='word_1_1069' title='bbox 1068 5881 1119 5932; x_wconf 90' lang='grc'><strong>402</strong></span> <span class='ocrx_word' id='word_1_1070' title='bbox 1138 5879 1166 5932; x_wconf 84' lang='grc'><strong>4*</strong></span> <span class='ocrx_word' id='word_1_1071' title='bbox 1791 5911 1824 5920; x_wconf 92' lang='lat'>-</span> <span class='ocrx_word' id='word_1_1072' title='bbox 1844 5885 1917 5950; x_wconf 86' lang='lat' dir='ltr'><strong>Quae</strong></span> <span class='ocrx_word' id='word_1_1073' title='bbox 1934 5891 1995 5936; x_wconf 86' lang='lat' dir='ltr'><strong>sunt</strong></span> <span class='ocrx_word' id='word_1_1074' title='bbox 2012 5899 2094 5936; x_wconf 91' lang='lat' dir='ltr'><strong>unum</strong></span> <span class='ocrx_word' id='word_1_1075' title='bbox 2114 5885 2188 5938; x_wconf 86' lang='lat' dir='ltr'><strong>alicui</strong></span> <span class='ocrx_word' id='word_1_1076' title='bbox 2207 5899 2259 5938; x_wconf 91' lang='lat' dir='ltr'><strong>uuo</strong></span> <span class='ocrx_word' id='word_1_1077' title='bbox 2277 5901 2372 5952; x_wconf 79' lang='lat' dir='ltr'><strong>genere</strong></span> 
     </span>
     <span class='ocr_line' id='line_1_63' title="bbox 392 5969 2372 6036; baseline 0.004 -16"><span class='ocrx_word' id='word_1_1078' title='bbox 392 5981 461 6020; x_wconf 92' lang='lat' dir='ltr'><strong>mam</strong></span> <span class='ocrx_word' id='word_1_1079' title='bbox 485 5971 615 6022; x_wconf 87' lang='lat' dir='ltr'><strong>contrarie</strong></span> <span class='ocrx_word' id='word_1_1080' title='bbox 641 5969 783 6034; x_wconf 85' lang='lat' dir='ltr'><strong>opponitur</strong></span> <span class='ocrx_word' id='word_1_1081' title='bbox 803 5969 960 6022; x_wconf 87' lang='lat' dir='ltr'><strong>multitudini</strong></span> <span class='ocrx_word' id='word_1_1082' title='bbox 980 5971 1027 6022; x_wconf 87' lang='lat' dir='ltr'><strong>lor·</strong></span> <span class='ocrx_word' id='word_1_1083' title='bbox 1120 5995 1154 6008; x_wconf 89' lang='lat'><strong>-·</strong></span> <span class='ocrx_word' id='word_1_1084' title='bbox 1173 5975 1210 6022; x_wconf 88' lang='lat' dir='ltr'><strong>est</strong></span> <span class='ocrx_word' id='word_1_1085' title='bbox 1229 5969 1452 6036; x_wconf 84' lang='lat' dir='ltr'><strong>individuationis,</strong></span> <span class='ocrx_word' id='word_1_1086' title='bbox 1473 5971 1515 6022; x_wconf 88' lang='lat' dir='ltr'><strong>vel</strong></span> <span class='ocrx_word' id='word_1_1087' title='bbox 1534 5971 1700 6034; x_wconf 80' lang='lat' dir='ltr'><strong>homogenei·</strong></span> <span class='ocrx_word' id='word_1_1088' title='bbox 1738 5971 1848 6034; x_wconf 77' lang='lat' dir='ltr'><strong>unitatis</strong></span> <span class='ocrx_word' id='word_1_1089' title='bbox 1869 5977 1976 6036; x_wconf 88' lang='lat' dir='ltr'><strong>propter</strong></span> <span class='ocrx_word' id='word_1_1090' title='bbox 1994 5975 2044 6026; x_wconf 89' lang='lat' dir='ltr'><strong>ltoc</strong></span> <span class='ocrx_word' id='word_1_1091' title='bbox 2062 5985 2114 6026; x_wconf 93' lang='lat' dir='ltr'><strong>non</strong></span> <span class='ocrx_word' id='word_1_1092' title='bbox 2132 5979 2193 6026; x_wconf 90' lang='lat' dir='ltr'><strong>sunt</strong></span> <span class='ocrx_word' id='word_1_1093' title='bbox 2210 5975 2304 6026; x_wconf 91' lang='lat' dir='ltr'><strong>eadem</strong></span> <span class='ocrx_word' id='word_1_1094' title='bbox 2321 5977 2372 6028; x_wconf 90' lang='lat' dir='ltr'><strong>aiio</strong></span> 
     </span>
     <span class='ocr_line' id='line_1_64' title="bbox 392 6053 2098 6126; baseline 0.002 -18"><span class='ocrx_word' id='word_1_1095' title='bbox 392 6057 491 6110; x_wconf 89' lang='lat' dir='ltr'><strong>maiiter</strong></span> <span class='ocrx_word' id='word_1_1096' title='bbox 512 6065 634 6124; x_wconf 87' lang='lat' dir='ltr'><strong>acceptae</strong></span> <span class='ocrx_word' id='word_1_1097' title='bbox 651 6053 686 6110; x_wconf 85' lang='grc'><strong>40.</strong></span> <span class='ocrx_word' id='word_1_1098' title='bbox 705 6053 732 6108; x_wconf 92' lang='grc'><strong>2*</strong></span> <span class='ocrx_word' id='word_1_1099' title='bbox 758 6093 759 6096; x_wconf 23' lang='lat'>¹</span> <span class='ocrx_word' id='word_1_1100' title='bbox 1067 6057 1124 6110; x_wconf 90' lang='lat' dir='ltr'><strong>tatis</strong></span> <span class='ocrx_word' id='word_1_1101' title='bbox 1142 6059 1158 6110; x_wconf 94' lang='lat' dir='ltr'><strong>ll</strong></span> <span class='ocrx_word' id='word_1_1102' title='bbox 1182 6057 1230 6110; x_wconf 92' lang='grc'><strong>400</strong></span> <span class='ocrx_word' id='word_1_1103' title='bbox 1250 6059 1544 6124; x_wconf 73' lang='lat' dir='ltr'><strong>b-bomogeueitatis</strong></span> <span class='ocrx_word' id='word_1_1104' title='bbox 1557 6059 1632 6112; x_wconf 91' lang='lat' dir='ltr'><strong>simul</strong></span> <span class='ocrx_word' id='word_1_1105' title='bbox 1646 6073 1701 6112; x_wconf 91' lang='lat' dir='ltr'><strong>ma-</strong></span> <span class='ocrx_word' id='word_1_1106' title='bbox 1739 6073 1832 6126; x_wconf 66' lang='grc'>4404444</span> <span class='ocrx_word' id='word_1_1107' title='bbox 1852 6061 1953 6112; x_wconf 88' lang='lat' dir='ltr'><strong>unitatis</strong></span> <span class='ocrx_word' id='word_1_1108' title='bbox 1973 6061 1997 6114; x_wconf 93' lang='lat' dir='ltr'>V</span> <span class='ocrx_word' id='word_1_1109' title='bbox 2015 6061 2049 6112; x_wconf 91' lang='grc'><strong>66</strong></span> <span class='ocrx_word' id='word_1_1110' title='bbox 2068 6061 2098 6114; x_wconf 85' lang='grc'><strong>5*</strong></span> 
     </span>
    </p>

    <p class='ocr_par' dir='ltr' id='par_1_14' title="bbox 391 6143 2373 6304">
     <span class='ocr_line' id='line_1_65' title="bbox 443 6143 2373 6214; baseline 0.003 -16"><span class='ocrx_word' id='word_1_1111' title='bbox 443 6175 477 6186; x_wconf 85' lang='lat'>-</span> <span class='ocrx_word' id='word_1_1112' title='bbox 497 6155 535 6200; x_wconf 89' lang='lat' dir='ltr'><strong>est</strong></span> <span class='ocrx_word' id='word_1_1113' title='bbox 565 6149 710 6212; x_wconf 89' lang='lat' dir='ltr'><strong>proprietas</strong></span> <span class='ocrx_word' id='word_1_1114' title='bbox 737 6147 803 6200; x_wconf 86' lang='lat' dir='ltr'><strong>entis</strong></span> <span class='ocrx_word' id='word_1_1115' title='bbox 833 6145 853 6196; x_wconf 88' lang='lat' dir='ltr'>V</span> <span class='ocrx_word' id='word_1_1116' title='bbox 882 6145 915 6196; x_wconf 90' lang='grc'><strong>72</strong></span> <span class='ocrx_word' id='word_1_1117' title='bbox 945 6143 972 6196; x_wconf 82' lang='grc'><strong>5*</strong></span> <span class='ocrx_word' id='word_1_1118' title='bbox 991 6173 1026 6184; x_wconf 95' lang='grc'>-</span> <span class='ocrx_word' id='word_1_1119' title='bbox 1067 6151 1109 6196; x_wconf 89' lang='grc'><strong>444</strong></span> <span class='ocrx_word' id='word_1_1120' title='bbox 1127 6147 1151 6196; x_wconf 89' lang='grc'><strong>44</strong></span> <span class='ocrx_word' id='word_1_1121' title='bbox 1174 6147 1284 6200; x_wconf 88' lang='lat' dir='ltr'><strong>diversis</strong></span> <span class='ocrx_word' id='word_1_1122' title='bbox 1303 6145 1362 6202; x_wconf 80' lang='grc'>40444.</span> <span class='ocrx_word' id='word_1_1123' title='bbox 1382 6177 1415 6186; x_wconf 77' lang='lat'><strong>-·-</strong></span> <span class='ocrx_word' id='word_1_1124' title='bbox 1436 6149 1701 6212; x_wconf 82' lang='lat' dir='ltr'><strong>homogeneitatisest</strong></span> <span class='ocrx_word' id='word_1_1125' title='bbox 1790 6175 1824 6184; x_wconf 92' lang='lat'>-</span> <span class='ocrx_word' id='word_1_1126' title='bbox 1843 6149 1915 6214; x_wconf 81' lang='lat' dir='ltr'><strong>Quae</strong></span> <span class='ocrx_word' id='word_1_1127' title='bbox 1934 6155 1993 6202; x_wconf 90' lang='lat' dir='ltr'><strong>sunt</strong></span> <span class='ocrx_word' id='word_1_1128' title='bbox 2009 6151 2103 6202; x_wconf 91' lang='lat' dir='ltr'><strong>cadem</strong></span> <span class='ocrx_word' id='word_1_1129' title='bbox 2123 6151 2373 6202; x_wconf 88' lang='lat' dir='ltr'><strong>uumeroalicuiiu-</strong></span> 
     </span>
     <span class='ocr_line' id='line_1_66' title="bbox 391 6233 2373 6304; baseline 0.003 -18"><span class='ocrx_word' id='word_1_1130' title='bbox 391 6235 474 6286; x_wconf 92' lang='lat' dir='ltr'><strong>llnum</strong></span> <span class='ocrx_word' id='word_1_1131' title='bbox 495 6243 533 6288; x_wconf 86' lang='lat' dir='ltr'><strong>est</strong></span> <span class='ocrx_word' id='word_1_1132' title='bbox 552 6235 664 6288; x_wconf 89' lang='lat' dir='ltr'><strong>conditio</strong></span> <span class='ocrx_word' id='word_1_1133' title='bbox 686 6235 791 6286; x_wconf 88' lang='lat' dir='ltr'><strong>entisV</strong></span> <span class='ocrx_word' id='word_1_1134' title='bbox 813 6235 864 6286; x_wconf 89' lang='grc'><strong>245</strong></span> <span class='ocrx_word' id='word_1_1135' title='bbox 884 6249 906 6286; x_wconf 88' lang='grc'><strong>4.</strong></span> <span class='ocrx_word' id='word_1_1136' title='bbox 927 6233 1012 6286; x_wconf 79' lang='lat' dir='ltr'><strong>sola</strong></span> <span class='ocrx_word' id='word_1_1137' title='bbox 1066 6235 1097 6286; x_wconf 89' lang='lat' dir='ltr'><strong>ita</strong></span> <span class='ocrx_word' id='word_1_1138' title='bbox 1119 6235 1213 6300; x_wconf 89' lang='lat' dir='ltr'><strong>ampla,</strong></span> <span class='ocrx_word' id='word_1_1139' title='bbox 1235 6243 1263 6288; x_wconf 88' lang='grc'><strong>04</strong></span> <span class='ocrx_word' id='word_1_1140' title='bbox 1280 6237 1404 6290; x_wconf 87' lang='lat' dir='ltr'><strong>sustineat</strong></span> <span class='ocrx_word' id='word_1_1141' title='bbox 1424 6239 1597 6302; x_wconf 85' lang='lat' dir='ltr'><strong>receptionem</strong></span> <span class='ocrx_word' id='word_1_1142' title='bbox 1624 6239 1700 6288; x_wconf 92' lang='lat' dir='ltr'><strong>maio·</strong></span> <span class='ocrx_word' id='word_1_1143' title='bbox 1739 6235 1846 6290; x_wconf 90' lang='lat' dir='ltr'><strong>dividuo</strong></span> <span class='ocrx_word' id='word_1_1144' title='bbox 1873 6235 1968 6288; x_wconf 87' lang='lat' dir='ltr'><strong>unitate</strong></span> <span class='ocrx_word' id='word_1_1145' title='bbox 1992 6239 2090 6304; x_wconf 87' lang='lat' dir='ltr'><strong>latiore,</strong></span> <span class='ocrx_word' id='word_1_1146' title='bbox 2116 6251 2194 6304; x_wconf 88' lang='lat' dir='ltr'><strong>qnam</strong></span> <span class='ocrx_word' id='word_1_1147' title='bbox 2220 6247 2258 6292; x_wconf 90' lang='grc'><strong>444</strong></span> <span class='ocrx_word' id='word_1_1148' title='bbox 2282 6239 2373 6292; x_wconf 87' lang='lat' dir='ltr'><strong>indivi-</strong></span> 
     </span>
    </p>

    <p class='ocr_par' dir='ltr' id='par_1_15' title="bbox 390 6321 2372 6744">
     <span class='ocr_line' id='line_1_67' title="bbox 444 6321 2370 6392; baseline 0.002 -16"><span class='ocrx_word' id='word_1_1149' title='bbox 444 6331 535 6376; x_wconf 88' lang='lat' dir='ltr'><strong>-est</strong></span> <span class='ocrx_word' id='word_1_1150' title='bbox 555 6323 667 6376; x_wconf 87' lang='lat' dir='ltr'><strong>conditio</strong></span> <span class='ocrx_word' id='word_1_1151' title='bbox 692 6323 820 6388; x_wconf 80' lang='lat' dir='ltr'><strong>generalis</strong></span> <span class='ocrx_word' id='word_1_1152' title='bbox 837 6325 903 6376; x_wconf 91' lang='lat' dir='ltr'><strong>entis</strong></span> <span class='ocrx_word' id='word_1_1153' title='bbox 923 6325 930 6376; x_wconf 97' lang='grc' dir='ltr'>Ι</span> <span class='ocrx_word' id='word_1_1154' title='bbox 949 6321 982 6374; x_wconf 88' lang='grc'><strong>73</strong></span> <span class='ocrx_word' id='word_1_1155' title='bbox 1004 6337 1025 6376; x_wconf 88' lang='grc'><strong>4.</strong></span> <span class='ocrx_word' id='word_1_1156' title='bbox 1064 6325 1099 6374; x_wconf 86' lang='grc'><strong>444</strong></span> <span class='ocrx_word' id='word_1_1157' title='bbox 1121 6323 1291 6376; x_wconf 88' lang='lat' dir='ltr'><strong>multitudinis</strong></span> <span class='ocrx_word' id='word_1_1158' title='bbox 1319 6339 1399 6392; x_wconf 88' lang='lat' dir='ltr'><strong>quarn</strong></span> <span class='ocrx_word' id='word_1_1159' title='bbox 1427 6327 1511 6378; x_wconf 86' lang='lat' dir='ltr'><strong>unitas</strong></span> <span class='ocrx_word' id='word_1_1160' title='bbox 1538 6325 1636 6376; x_wconf 87' lang='lat' dir='ltr'><strong>iotmae</strong></span> <span class='ocrx_word' id='word_1_1161' title='bbox 1655 6325 1703 6376; x_wconf 49' lang='lat' dir='ltr'><strong>ali-0</strong></span> <span class='ocrx_word' id='word_1_1162' title='bbox 1738 6325 1834 6388; x_wconf 91' lang='lat' dir='ltr'><strong>dualis,</strong></span> <span class='ocrx_word' id='word_1_1163' title='bbox 1862 6337 1911 6376; x_wconf 91' lang='lat' dir='ltr'><strong>uon</strong></span> <span class='ocrx_word' id='word_1_1164' title='bbox 1937 6335 1996 6380; x_wconf 90' lang='lat' dir='ltr'><strong>suut</strong></span> <span class='ocrx_word' id='word_1_1165' title='bbox 2021 6339 2103 6378; x_wconf 88' lang='lat' dir='ltr'><strong>unum</strong></span> <span class='ocrx_word' id='word_1_1166' title='bbox 2125 6341 2235 6380; x_wconf 87' lang='lat' dir='ltr'><strong>numeru</strong></span> <span class='ocrx_word' id='word_1_1167' title='bbox 2255 6329 2321 6380; x_wconf 86' lang='lat' dir='ltr'><strong>inter</strong></span> <span class='ocrx_word' id='word_1_1168' title='bbox 2343 6341 2370 6380; x_wconf 92' lang='lat' dir='ltr'><strong>se</strong></span> 
     </span>
     <span class='ocr_line' id='line_1_68' title="bbox 392 6409 1875 6478; baseline 0.003 -18"><span class='ocrx_word' id='word_1_1169' title='bbox 392 6409 441 6460; x_wconf 88' lang='grc'><strong>468</strong></span> <span class='ocrx_word' id='word_1_1170' title='bbox 462 6409 500 6464; x_wconf 66' lang='lat' dir='ltr'><strong>ii.</strong></span> <span class='ocrx_word' id='word_1_1171' title='bbox 518 6411 570 6470; x_wconf 87' lang='grc'><strong>620</strong></span> <span class='ocrx_word' id='word_1_1172' title='bbox 588 6409 1025 6476; x_wconf 82' lang='lat' dir='ltr'><strong>arg.l-Omnisresesiununt</strong></span> <span class='ocrx_word' id='word_1_1173' title='bbox 1066 6413 1140 6464; x_wconf 86' lang='lat' dir='ltr'><strong>cuius</strong></span> <span class='ocrx_word' id='word_1_1174' title='bbox 1159 6415 1314 6466; x_wconf 86' lang='lat' dir='ltr'><strong>universalis</strong></span> <span class='ocrx_word' id='word_1_1175' title='bbox 1331 6415 1350 6466; x_wconf 96' lang='lat' dir='ltr'><strong>ll</strong></span> <span class='ocrx_word' id='word_1_1176' title='bbox 1371 6414 1416 6466; x_wconf 93' lang='grc'><strong>404</strong></span> <span class='ocrx_word' id='word_1_1177' title='bbox 1441 6429 1463 6478; x_wconf 92' lang='grc'><strong>4,</strong></span> <span class='ocrx_word' id='word_1_1178' title='bbox 1484 6413 1512 6466; x_wconf 85' lang='grc'><strong>4*</strong></span> <span class='ocrx_word' id='word_1_1179' title='bbox 1739 6415 1755 6466; x_wconf 93' lang='grc'><strong>44</strong></span> <span class='ocrx_word' id='word_1_1180' title='bbox 1776 6415 1822 6466; x_wconf 91' lang='grc'><strong>404</strong></span> <span class='ocrx_word' id='word_1_1181' title='bbox 1850 6413 1875 6464; x_wconf 92' lang='grc'><strong>4*</strong></span> 
     </span>
     <span class='ocr_line' id='line_1_69' title="bbox 390 6499 2372 6570; baseline 0.003 -20"><span class='ocrx_word' id='word_1_1182' title='bbox 390 6499 486 6564; x_wconf 87' lang='lat' dir='ltr'><strong>aliquid</strong></span> <span class='ocrx_word' id='word_1_1183' title='bbox 508 6501 524 6552; x_wconf 94' lang='lat' dir='ltr'><strong>li</strong></span> <span class='ocrx_word' id='word_1_1184' title='bbox 545 6501 595 6550; x_wconf 82' lang='grc'><strong>867</strong></span> <span class='ocrx_word' id='word_1_1185' title='bbox 616 6499 662 6550; x_wconf 79' lang='lat' dir='ltr'><strong>nl</strong></span> <span class='ocrx_word' id='word_1_1186' title='bbox 682 6527 716 6538; x_wconf 91' lang='lat'><em>-</em></span> <span class='ocrx_word' id='word_1_1187' title='bbox 737 6501 821 6552; x_wconf 90' lang='lat' dir='ltr'><strong>Unum</strong></span> <span class='ocrx_word' id='word_1_1188' title='bbox 839 6505 879 6552; x_wconf 91' lang='lat' dir='ltr'><strong>est</strong></span> <span class='ocrx_word' id='word_1_1189' title='bbox 896 6505 1026 6552; x_wconf 92' lang='lat' dir='ltr'><strong>transcen·</strong></span> <span class='ocrx_word' id='word_1_1190' title='bbox 1118 6529 1152 6538; x_wconf 88' lang='lat'><strong>-</strong></span> <span class='ocrx_word' id='word_1_1191' title='bbox 1165 6501 1378 6556; x_wconf 88' lang='lat' dir='ltr'><strong>individuationis</strong></span> <span class='ocrx_word' id='word_1_1192' title='bbox 1389 6509 1429 6556; x_wconf 85' lang='lat' dir='ltr'><strong>est</strong></span> <span class='ocrx_word' id='word_1_1193' title='bbox 1441 6515 1488 6568; x_wconf 87' lang='lat' dir='ltr'><strong>per</strong></span> <span class='ocrx_word' id='word_1_1194' title='bbox 1499 6501 1700 6570; x_wconf 86' lang='lat' dir='ltr'><strong>continuitatem,</strong></span> <span class='ocrx_word' id='word_1_1195' title='bbox 1790 6531 1824 6540; x_wconf 89' lang='lat'><strong>-—</strong></span> <span class='ocrx_word' id='word_1_1196' title='bbox 1842 6503 1925 6566; x_wconf 82' lang='lat' dir='ltr'><strong>liagis</strong></span> <span class='ocrx_word' id='word_1_1197' title='bbox 1941 6511 1981 6556; x_wconf 89' lang='lat' dir='ltr'><strong>est</strong></span> <span class='ocrx_word' id='word_1_1198' title='bbox 1999 6515 2080 6556; x_wconf 90' lang='lat' dir='ltr'><strong>unum</strong></span> <span class='ocrx_word' id='word_1_1199' title='bbox 2101 6503 2172 6570; x_wconf 89' lang='lat' dir='ltr'><strong>quod</strong></span> <span class='ocrx_word' id='word_1_1200' title='bbox 2190 6511 2230 6556; x_wconf 87' lang='lat' dir='ltr'><strong>est</strong></span> <span class='ocrx_word' id='word_1_1201' title='bbox 2246 6517 2327 6556; x_wconf 90' lang='lat' dir='ltr'><strong>unum</strong></span> <span class='ocrx_word' id='word_1_1202' title='bbox 2342 6517 2372 6556; x_wconf 89' lang='lat' dir='ltr'><strong>re</strong></span> 
     </span>
     <span class='ocr_line' id='line_1_70' title="bbox 392 6585 2370 6664; baseline 0.003 -26"><span class='ocrx_word' id='word_1_1203' title='bbox 392 6587 499 6640; x_wconf 87' lang='lat' dir='ltr'><strong>denslV</strong></span> <span class='ocrx_word' id='word_1_1204' title='bbox 516 6585 793 6664; x_wconf 70' lang='grc'>-100002-040444</span> <span class='ocrx_word' id='word_1_1205' title='bbox 813 6595 930 6640; x_wconf 86' lang='grc'>44444044</span> <span class='ocrx_word' id='word_1_1206' title='bbox 950 6587 1026 6640; x_wconf 88' lang='grc'>04044</span> <span class='ocrx_word' id='word_1_1207' title='bbox 1065 6589 1106 6640; x_wconf 87' lang='lat' dir='ltr'><strong>vel</strong></span> <span class='ocrx_word' id='word_1_1208' title='bbox 1127 6603 1173 6656; x_wconf 89' lang='lat' dir='ltr'><strong>per</strong></span> <span class='ocrx_word' id='word_1_1209' title='bbox 1193 6589 1319 6642; x_wconf 88' lang='lat' dir='ltr'><strong>actualem</strong></span> <span class='ocrx_word' id='word_1_1210' title='bbox 1337 6591 1527 6656; x_wconf 86' lang='lat' dir='ltr'><strong>simplicitatem</strong></span> <span class='ocrx_word' id='word_1_1211' title='bbox 1549 6591 1567 6640; x_wconf 95' lang='lat' dir='ltr'><strong>ll</strong></span> <span class='ocrx_word' id='word_1_1212' title='bbox 1586 6589 1674 6644; x_wconf 87' lang='grc'>4000</span> <span class='ocrx_word' id='word_1_1213' title='bbox 1738 6597 1761 6644; x_wconf 86' lang='grc'><strong>44</strong></span> <span class='ocrx_word' id='word_1_1214' title='bbox 1781 6591 1893 6656; x_wconf 89' lang='lat' dir='ltr'><strong>ratione,</strong></span> <span class='ocrx_word' id='word_1_1215' title='bbox 1913 6603 1994 6658; x_wconf 91' lang='lat' dir='ltr'><strong>quam</strong></span> <span class='ocrx_word' id='word_1_1216' title='bbox 2010 6591 2081 6657; x_wconf 90' lang='lat' dir='ltr'><strong>quod</strong></span> <span class='ocrx_word' id='word_1_1217' title='bbox 2102 6595 2139 6644; x_wconf 87' lang='lat' dir='ltr'><strong>est</strong></span> <span class='ocrx_word' id='word_1_1218' title='bbox 2164 6605 2245 6644; x_wconf 92' lang='lat' dir='ltr'><strong>unum</strong></span> <span class='ocrx_word' id='word_1_1219' title='bbox 2269 6597 2370 6646; x_wconf 91' lang='lat' dir='ltr'><strong>tantum</strong></span> 
     </span>
     <span class='ocr_line' id='line_1_71' title="bbox 390 6675 1970 6744; baseline 0.005 -20"><span class='ocrx_word' id='word_1_1220' title='bbox 390 6677 514 6728; x_wconf 89' lang='lat' dir='ltr'><strong>unitatem</strong></span> <span class='ocrx_word' id='word_1_1221' title='bbox 533 6677 556 6726; x_wconf 88' lang='lat' dir='ltr'>V</span> <span class='ocrx_word' id='word_1_1222' title='bbox 576 6675 609 6730; x_wconf 91' lang='grc'><strong>54</strong></span> <span class='ocrx_word' id='word_1_1223' title='bbox 630 6677 656 6728; x_wconf 74' lang='grc'><strong>0.,</strong></span> <span class='ocrx_word' id='word_1_1224' title='bbox 675 6677 703 6726; x_wconf 90' lang='grc'><strong>64</strong></span> <span class='ocrx_word' id='word_1_1225' title='bbox 727 6689 742 6726; x_wconf 89' lang='grc'><strong>4</strong></span> <span class='ocrx_word' id='word_1_1226' title='bbox 1119 6707 1153 6716; x_wconf 89' lang='lat'><strong>-—</strong></span> <span class='ocrx_word' id='word_1_1227' title='bbox 1172 6685 1210 6730; x_wconf 87' lang='lat' dir='ltr'><strong>est</strong></span> <span class='ocrx_word' id='word_1_1228' title='bbox 1229 6679 1376 6732; x_wconf 83' lang='lat' dir='ltr'><strong>secundum</strong></span> <span class='ocrx_word' id='word_1_1229' title='bbox 1400 6681 1529 6744; x_wconf 90' lang='lat' dir='ltr'><strong>speciem,</strong></span> <span class='ocrx_word' id='word_1_1230' title='bbox 1549 6679 1588 6730; x_wconf 85' lang='grc'><strong>444</strong></span> <span class='ocrx_word' id='word_1_1231' title='bbox 1609 6691 1700 6732; x_wconf 90' lang='lat' dir='ltr'><strong>secun·</strong></span> <span class='ocrx_word' id='word_1_1232' title='bbox 1737 6693 1766 6732; x_wconf 89' lang='grc'><strong>44</strong></span> <span class='ocrx_word' id='word_1_1233' title='bbox 1784 6679 1807 6730; x_wconf 93' lang='lat' dir='ltr'>V</span> <span class='ocrx_word' id='word_1_1234' title='bbox 1826 6679 1860 6730; x_wconf 91' lang='grc'><strong>63</strong></span> <span class='ocrx_word' id='word_1_1235' title='bbox 1880 6691 1935 6744; x_wconf 74' lang='lat' dir='ltr'><strong>arg.</strong></span> <span class='ocrx_word' id='word_1_1236' title='bbox 1955 6679 1970 6732; x_wconf 87' lang='grc'><strong>4</strong></span> 
     </span>
    </p>

    <p class='ocr_par' dir='ltr' id='par_1_16' title="bbox 391 6763 2391 6922">
     <span class='ocr_line' id='line_1_72' title="bbox 447 6763 2391 6830; baseline 0.002 -14"><span class='ocrx_word' id='word_1_1237' title='bbox 447 6791 480 6800; x_wconf 82' lang='lat'><strong>--</strong></span> <span class='ocrx_word' id='word_1_1238' title='bbox 499 6775 524 6816; x_wconf 92' lang='lat' dir='ltr'><strong>et</strong></span> <span class='ocrx_word' id='word_1_1239' title='bbox 545 6779 591 6816; x_wconf 90' lang='lat' dir='ltr'><strong>ens</strong></span> <span class='ocrx_word' id='word_1_1240' title='bbox 616 6771 804 6816; x_wconf 89' lang='lat' dir='ltr'><strong>convertuntur</strong></span> <span class='ocrx_word' id='word_1_1241' title='bbox 829 6765 834 6814; x_wconf 96' lang='grc' dir='ltr'>Ι</span> <span class='ocrx_word' id='word_1_1242' title='bbox 855 6763 905 6818; x_wconf 92' lang='grc'><strong>423</strong></span> <span class='ocrx_word' id='word_1_1243' title='bbox 926 6779 982 6830; x_wconf 81' lang='lat' dir='ltr'><strong>arg.</strong></span> <span class='ocrx_word' id='word_1_1244' title='bbox 1004 6767 1026 6816; x_wconf 93' lang='grc'><strong>4.</strong></span> <span class='ocrx_word' id='word_1_1245' title='bbox 1066 6765 1130 6818; x_wconf 91' lang='lat' dir='ltr'><strong>tium</strong></span> <span class='ocrx_word' id='word_1_1246' title='bbox 1154 6779 1295 6820; x_wconf 86' lang='lat' dir='ltr'><strong>numerum</strong></span> <span class='ocrx_word' id='word_1_1247' title='bbox 1322 6767 1340 6818; x_wconf 92' lang='lat' dir='ltr'><strong>ll</strong></span> <span class='ocrx_word' id='word_1_1248' title='bbox 1361 6769 1411 6820; x_wconf 89' lang='grc'><strong>242</strong></span> <span class='ocrx_word' id='word_1_1249' title='bbox 1432 6769 1448 6820; x_wconf 91' lang='grc'><strong>4.</strong></span> <span class='ocrx_word' id='word_1_1250' title='bbox 1469 6769 1480 6816; x_wconf 92' lang='grc'><strong>4</strong></span> <span class='ocrx_word' id='word_1_1251' title='bbox 1503 6793 1537 6806; x_wconf 86' lang='grc'><strong>-</strong></span> <span class='ocrx_word' id='word_1_1252' title='bbox 1556 6769 1640 6820; x_wconf 87' lang='lat' dir='ltr'><strong>Unum</strong></span> <span class='ocrx_word' id='word_1_1253' title='bbox 1661 6775 1699 6822; x_wconf 89' lang='lat' dir='ltr'><strong>est</strong></span> <span class='ocrx_word' id='word_1_1254' title='bbox 1791 6793 1824 6806; x_wconf 88' lang='lat'>-</span> <span class='ocrx_word' id='word_1_1255' title='bbox 1844 6767 1929 6818; x_wconf 89' lang='lat' dir='ltr'><strong>linum</strong></span> <span class='ocrx_word' id='word_1_1256' title='bbox 1947 6769 2045 6820; x_wconf 87' lang='grc'>0044444</span> <span class='ocrx_word' id='word_1_1257' title='bbox 2063 6769 2261 6820; x_wconf 86' lang='lat' dir='ltr'><strong>universalitatis</strong></span> <span class='ocrx_word' id='word_1_1258' title='bbox 2279 6771 2312 6822; x_wconf 93' lang='lat' dir='ltr'><strong>ita</strong></span> <span class='ocrx_word' id='word_1_1259' title='bbox 2332 6773 2391 6820; x_wconf 55' lang='lat' dir='ltr'><strong>est*</strong></span> 
     </span>
     <span class='ocr_line' id='line_1_73' title="bbox 391 6845 2370 6922; baseline 0.006 -24"><span class='ocrx_word' id='word_1_1260' title='bbox 391 6845 441 6898; x_wconf 88' lang='grc'><strong>543</strong></span> <span class='ocrx_word' id='word_1_1261' title='bbox 460 6855 544 6916; x_wconf 60' lang='lat' dir='ltr'><strong>erpi</strong></span> <span class='ocrx_word' id='word_1_1262' title='bbox 572 6881 603 6890; x_wconf 84' lang='lat'><strong>-—·</strong></span> <span class='ocrx_word' id='word_1_1263' title='bbox 625 6861 753 6920; x_wconf 89' lang='lat' dir='ltr'><strong>quatenus</strong></span> <span class='ocrx_word' id='word_1_1264' title='bbox 771 6853 833 6906; x_wconf 87' lang='lat' dir='ltr'><strong>dicit</strong></span> <span class='ocrx_word' id='word_1_1265' title='bbox 850 6855 1026 6906; x_wconf 88' lang='lat' dir='ltr'><strong>essentiaein·</strong></span> <span class='ocrx_word' id='word_1_1266' title='bbox 1065 6867 1167 6920; x_wconf 67' lang='lat' dir='ltr'><strong>genem</strong></span> <span class='ocrx_word' id='word_1_1267' title='bbox 1189 6855 1346 6922; x_wconf 74' lang='lat' dir='ltr'><strong>perspecte,</strong></span> <span class='ocrx_word' id='word_1_1268' title='bbox 1369 6855 1408 6910; x_wconf 83' lang='lat' dir='ltr'><strong>vei</strong></span> <span class='ocrx_word' id='word_1_1269' title='bbox 1430 6855 1696 6910; x_wconf 67' lang='lat' dir='ltr'><strong>numerabatur.</strong></span> <span class='ocrx_word' id='word_1_1270' title='bbox 1738 6869 1831 6922; x_wconf 89' lang='lat' dir='ltr'><strong>unum,</strong></span> <span class='ocrx_word' id='word_1_1271' title='bbox 1852 6855 1922 6922; x_wconf 87' lang='lat' dir='ltr'><strong>quoti</strong></span> <span class='ocrx_word' id='word_1_1272' title='bbox 1942 6857 2099 6910; x_wconf 87' lang='lat' dir='ltr'><strong>multitudini</strong></span> <span class='ocrx_word' id='word_1_1273' title='bbox 2123 6869 2174 6910; x_wconf 93' lang='lat' dir='ltr'><strong>non</strong></span> <span class='ocrx_word' id='word_1_1274' title='bbox 2198 6863 2328 6922; x_wconf 76' lang='lat' dir='ltr'><strong>repugnat</strong></span> <span class='ocrx_word' id='word_1_1275' title='bbox 2351 6859 2370 6908; x_wconf 93' lang='lat' dir='ltr'><strong>ll</strong></span> 
     </span>
    </p>
   </div>
   <div class='ocr_carea' id='block_1_5' title="bbox 0 0 2904 8400">
    <p class='ocr_par' dir='ltr' id='par_1_17' title="bbox 0 0 2904 8400">
     <span class='ocr_line' id='line_1_74' title="bbox 0 0 2904 8400; baseline 0 8"><span class='ocrx_word' id='word_1_1276' title='bbox 0 0 2904 8400; x_wconf 95' lang='lat' dir='ltr'><strong> </strong></span> 
     </span>
    </p>
   </div>
  </div>
 </body>
</html>
