<?xml version="1.0" encoding="UTF-8"?>
<!DOCTYPE html PUBLIC "-//W3C//DTD XHTML 1.0 Transitional//EN"
    "http://www.w3.org/TR/xhtml1/DTD/xhtml1-transitional.dtd">
<html xmlns="http://www.w3.org/1999/xhtml" xml:lang="en" lang="en">
 <head>
  <title>
</title>
<meta http-equiv="Content-Type" content="text/html;charset=utf-8" />
  <meta name='ocr-system' content='tesseract 3.04.00' />
  <meta name='ocr-capabilities' content='ocr_page ocr_carea ocr_par ocr_line ocrx_word'/>
</head>
<body>
  <div class='ocr_page' id='page_1' title='image "./doctorisseraphi00italgoog/doctorisseraphi00italgoog_0451.png"; bbox 0 0 5792 8392; ppageno 0'>
   <div class='ocr_carea' id='block_1_1' title="bbox 361 683 2423 6944">
    <p class='ocr_par' dir='ltr' id='par_1_1' title="bbox 361 683 2423 6944">
     <span class='ocr_line' id='line_1_1' title="bbox 649 683 2069 748; baseline -0.009 -1"><span class='ocrx_word' id='word_1_1' title='bbox 649 693 698 748; x_wconf 87' lang='lat' dir='ltr'>UlS</span> <span class='ocrx_word' id='word_1_2' title='bbox 2018 683 2069 736; x_wconf 89' lang='lat' dir='ltr'>UlS</span> 
     </span>
     <span class='ocr_line' id='line_1_2' title="bbox 419 769 2349 848; baseline -0.008 -11"><span class='ocrx_word' id='word_1_3' title='bbox 419 809 455 822; x_wconf 89' lang='lat'><em>-</em></span> <span class='ocrx_word' id='word_1_4' title='bbox 473 783 567 836; x_wconf 90' lang='lat' dir='ltr'>dicitur</span> <span class='ocrx_word' id='word_1_5' title='bbox 586 785 698 848; x_wconf 82' lang='lat' dir='ltr'>perfecta</span> <span class='ocrx_word' id='word_1_6' title='bbox 718 783 857 846; x_wconf 80' lang='lat' dir='ltr'>intensive,</span> <span class='ocrx_word' id='word_1_7' title='bbox 877 783 918 832; x_wconf 90' lang='lat' dir='ltr'>vel</span> <span class='ocrx_word' id='word_1_8' title='bbox 931 793 1002 832; x_wconf 89' lang='lat' dir='ltr'>com·</span> <span class='ocrx_word' id='word_1_9' title='bbox 1092 805 1125 818; x_wconf 84' lang='lat'>-·</span> <span class='ocrx_word' id='word_1_10' title='bbox 1145 781 1170 830; x_wconf 94' lang='lat' dir='ltr'>in</span> <span class='ocrx_word' id='word_1_11' title='bbox 1189 779 1348 844; x_wconf 79' lang='lat' dir='ltr'><strong>proprietate</strong></span> <span class='ocrx_word' id='word_1_12' title='bbox 1366 775 1483 830; x_wconf 91' lang='lat' dir='ltr'>absoluta</span> <span class='ocrx_word' id='word_1_13' title='bbox 1504 775 1627 840; x_wconf 74' lang='lat' dir='ltr'>supponit</span> <span class='ocrx_word' id='word_1_14' title='bbox 1641 773 1675 826; x_wconf 91' lang='lat' dir='ltr'>dl·</span> <span class='ocrx_word' id='word_1_15' title='bbox 1713 775 1719 824; x_wconf 97' lang='lat' dir='ltr'>l</span> <span class='ocrx_word' id='word_1_16' title='bbox 1740 771 1791 824; x_wconf 93' lang='grc'>477</span> <span class='ocrx_word' id='word_1_17' title='bbox 1812 769 1840 822; x_wconf 82' lang='lat' dir='ltr'>l*</span> <span class='ocrx_word' id='word_1_18' title='bbox 1856 797 1894 810; x_wconf 90' lang='lat'><em>-</em></span> <span class='ocrx_word' id='word_1_19' title='bbox 1907 785 1954 834; x_wconf 90' lang='lat' dir='ltr'>per</span> <span class='ocrx_word' id='word_1_20' title='bbox 1967 773 2115 836; x_wconf 76' lang='lat' dir='ltr'>qualitatem</span> <span class='ocrx_word' id='word_1_21' title='bbox 2129 785 2179 822; x_wconf 91' lang='lat' dir='ltr'>noo</span> <span class='ocrx_word' id='word_1_22' title='bbox 2195 776 2278 836; x_wconf 90' lang='lat' dir='ltr'>potest</span> <span class='ocrx_word' id='word_1_23' title='bbox 2291 785 2349 822; x_wconf 89' lang='lat' dir='ltr'>csse</span> 
     </span>
     <span class='ocr_line' id='line_1_3' title="bbox 365 857 2347 938; baseline -0.007 -16"><span class='ocrx_word' id='word_1_24' title='bbox 365 871 462 936; x_wconf 91' lang='lat' dir='ltr'>pletive</span> <span class='ocrx_word' id='word_1_25' title='bbox 481 869 504 922; x_wconf 88' lang='lat' dir='ltr'>V</span> <span class='ocrx_word' id='word_1_26' title='bbox 525 869 558 922; x_wconf 92' lang='grc'>67</span> <span class='ocrx_word' id='word_1_27' title='bbox 578 869 625 922; x_wconf 90' lang='grc'>43*</span> <span class='ocrx_word' id='word_1_28' title='bbox 1039 867 1201 918; x_wconf 89' lang='grc'>4644444444</span> <span class='ocrx_word' id='word_1_29' title='bbox 1217 869 1257 938; x_wconf 88' lang='lat' dir='ltr'>in</span> <span class='ocrx_word' id='word_1_30' title='bbox 1287 871 1376 918; x_wconf 91' lang='lat' dir='ltr'>natura</span> <span class='ocrx_word' id='word_1_31' title='bbox 1397 867 1404 918; x_wconf 97' lang='lat' dir='ltr'>l</span> <span class='ocrx_word' id='word_1_32' title='bbox 1425 865 1476 916; x_wconf 88' lang='lat' dir='ltr'>l83</span> <span class='ocrx_word' id='word_1_33' title='bbox 1499 879 1524 916; x_wconf 91' lang='lat' dir='ltr'>a.</span> <span class='ocrx_word' id='word_1_34' title='bbox 1542 863 1595 914; x_wconf 90' lang='grc'>785</span> <span class='ocrx_word' id='word_1_35' title='bbox 1613 861 1641 914; x_wconf 92' lang='lat' dir='ltr'>d.</span> <span class='ocrx_word' id='word_1_36' title='bbox 1659 861 1673 912; x_wconf 86' lang='grc'>7</span> <span class='ocrx_word' id='word_1_37' title='bbox 1712 863 1768 912; x_wconf 90' lang='lat' dir='ltr'>sine</span> <span class='ocrx_word' id='word_1_38' title='bbox 1785 859 1918 912; x_wconf 90' lang='lat' dir='ltr'>additione</span> <span class='ocrx_word' id='word_1_39' title='bbox 1937 861 1945 910; x_wconf 98' lang='grc'>1</span> <span class='ocrx_word' id='word_1_40' title='bbox 1966 857 2018 910; x_wconf 89' lang='grc'>687</span> <span class='ocrx_word' id='word_1_41' title='bbox 2036 857 2054 910; x_wconf 92' lang='grc'>6</span> <span class='ocrx_word' id='word_1_42' title='bbox 2079 887 2112 898; x_wconf 90' lang='grc'>-</span> <span class='ocrx_word' id='word_1_43' title='bbox 2133 873 2181 926; x_wconf 89' lang='lat' dir='ltr'>prr</span> <span class='ocrx_word' id='word_1_44' title='bbox 2200 858 2347 926; x_wconf 81' lang='lat' dir='ltr'>qualitatem</span> 
     </span>
     <span class='ocr_line' id='line_1_4' title="bbox 419 947 2350 1024; baseline -0.007 -13"><span class='ocrx_word' id='word_1_45' title='bbox 419 959 549 1024; x_wconf 91' lang='lat' dir='ltr'>-Quod</span> <span class='ocrx_word' id='word_1_46' title='bbox 573 957 652 1010; x_wconf 90' lang='lat' dir='ltr'>babet</span> <span class='ocrx_word' id='word_1_47' title='bbox 679 959 829 1010; x_wconf 90' lang='lat' dir='ltr'>varietatem</span> <span class='ocrx_word' id='word_1_48' title='bbox 851 957 1001 1020; x_wconf 81' lang='lat' dir='ltr'>formarum,</span> <span class='ocrx_word' id='word_1_49' title='bbox 1038 981 1074 994; x_wconf 82' lang='lat'>-</span> <span class='ocrx_word' id='word_1_50' title='bbox 1094 955 1264 1018; x_wconf 84' lang='lat' dir='ltr'>Proprietatas</span> <span class='ocrx_word' id='word_1_51' title='bbox 1283 953 1416 1004; x_wconf 77' lang='lat' dir='ltr'>absolutae</span> <span class='ocrx_word' id='word_1_52' title='bbox 1434 965 1485 1004; x_wconf 89' lang='lat' dir='ltr'>non</span> <span class='ocrx_word' id='word_1_53' title='bbox 1507 957 1615 1016; x_wconf 91' lang='lat' dir='ltr'>possunt</span> <span class='ocrx_word' id='word_1_54' title='bbox 1636 949 1675 1002; x_wconf 92' lang='lat' dir='ltr'>dl·</span> <span class='ocrx_word' id='word_1_55' title='bbox 1712 955 1797 1002; x_wconf 91' lang='lat' dir='ltr'>ortum</span> <span class='ocrx_word' id='word_1_56' title='bbox 1817 947 1896 1000; x_wconf 90' lang='lat' dir='ltr'>babet</span> <span class='ocrx_word' id='word_1_57' title='bbox 1913 961 1944 1000; x_wconf 84' lang='lat' dir='ltr'>ex</span> <span class='ocrx_word' id='word_1_58' title='bbox 1963 947 2095 1000; x_wconf 92' lang='lat' dir='ltr'>additione</span> <span class='ocrx_word' id='word_1_59' title='bbox 2109 949 2232 1000; x_wconf 89' lang='lat' dir='ltr'>materiae</span> <span class='ocrx_word' id='word_1_60' title='bbox 2252 947 2283 998; x_wconf 89' lang='lat' dir='ltr'>ad</span> <span class='ocrx_word' id='word_1_61' title='bbox 2300 947 2350 1000; x_wconf 91' lang='lat' dir='ltr'>lor·</span> 
     </span>
     <span class='ocr_line' id='line_1_5' title="bbox 365 1033 1865 1112; baseline -0.009 -12"><span class='ocrx_word' id='word_1_62' title='bbox 365 1049 479 1112; x_wconf 83' lang='lat' dir='ltr'>generis,</span> <span class='ocrx_word' id='word_1_63' title='bbox 499 1049 596 1110; x_wconf 89' lang='lat' dir='ltr'>speciei</span> <span class='ocrx_word' id='word_1_64' title='bbox 614 1051 639 1098; x_wconf 89' lang='lat' dir='ltr'>et</span> <span class='ocrx_word' id='word_1_65' title='bbox 658 1045 831 1110; x_wconf 89' lang='lat' dir='ltr'>ditiereotiae,</span> <span class='ocrx_word' id='word_1_66' title='bbox 846 1043 923 1094; x_wconf 86' lang='lat' dir='ltr'>nabet</span> <span class='ocrx_word' id='word_1_67' title='bbox 935 1043 1002 1094; x_wconf 89' lang='lat' dir='ltr'>mul·</span> <span class='ocrx_word' id='word_1_68' title='bbox 1039 1053 1099 1094; x_wconf 90' lang='lat' dir='ltr'>cere</span> <span class='ocrx_word' id='word_1_69' title='bbox 1115 1043 1213 1094; x_wconf 91' lang='lat' dir='ltr'>realem</span> <span class='ocrx_word' id='word_1_70' title='bbox 1232 1041 1418 1106; x_wconf 80' lang='lat' dir='ltr'>differentiam,</span> <span class='ocrx_word' id='word_1_71' title='bbox 1445 1043 1492 1092; x_wconf 90' lang='lat' dir='ltr'>uisi</span> <span class='ocrx_word' id='word_1_72' title='bbox 1512 1037 1674 1092; x_wconf 84' lang='lat' dir='ltr'>essentialem</span> <span class='ocrx_word' id='word_1_73' title='bbox 1713 1049 1784 1088; x_wconf 91' lang='lat' dir='ltr'>mam</span> <span class='ocrx_word' id='word_1_74' title='bbox 1803 1033 1865 1088; x_wconf 86' lang='lat' dir='ltr'>ibid.</span> 
     </span>
     <span class='ocr_line' id='line_1_6' title="bbox 365 1119 2349 1198; baseline -0.006 -12"><span class='ocrx_word' id='word_1_75' title='bbox 365 1119 851 1198; x_wconf 78' lang='grc'>641164444444441444444411684.</span> <span class='ocrx_word' id='word_1_76' title='bbox 873 1129 1000 1182; x_wconf 82' lang='grc'>475417</span> <span class='ocrx_word' id='word_1_77' title='bbox 1040 1127 1177 1182; x_wconf 81' lang='lat' dir='ltr'>babeant!</span> <span class='ocrx_word' id='word_1_78' title='bbox 1199 1129 1248 1182; x_wconf 92' lang='grc'>453</span> <span class='ocrx_word' id='word_1_79' title='bbox 1271 1127 1298 1180; x_wconf 90' lang='grc'>4*</span> <span class='ocrx_word' id='word_1_80' title='bbox 1323 1157 1357 1168; x_wconf 95' lang='grc'>-</span> <span class='ocrx_word' id='word_1_81' title='bbox 1383 1127 1674 1192; x_wconf 70' lang='grc'>1444441444444464414-</span> <span class='ocrx_word' id='word_1_82' title='bbox 1765 1151 1800 1162; x_wconf 96' lang='lat'>—</span> <span class='ocrx_word' id='word_1_83' title='bbox 1826 1123 1971 1176; x_wconf 87' lang='grc'>0414444464</span> <span class='ocrx_word' id='word_1_84' title='bbox 2000 1127 2104 1176; x_wconf 87' lang='grc'>44444444</span> <span class='ocrx_word' id='word_1_85' title='bbox 2133 1125 2264 1190; x_wconf 90' lang='lat' dir='ltr'>quaedam</span> <span class='ocrx_word' id='word_1_86' title='bbox 2291 1123 2349 1174; x_wconf 88' lang='lat' dir='ltr'>iun·</span> 
     </span>
     <span class='ocr_line' id='line_1_7' title="bbox 365 1211 2349 1278; baseline -0.007 -3"><span class='ocrx_word' id='word_1_87' title='bbox 365 1249 399 1262; x_wconf 91' lang='lat'>—</span> <span class='ocrx_word' id='word_1_88' title='bbox 419 1221 606 1274; x_wconf 85' lang='lat' dir='ltr'>Multliormitas</span> <span class='ocrx_word' id='word_1_89' title='bbox 624 1219 1002 1274; x_wconf 89' lang='lat' dir='ltr'>secundomratlonemlnlor-</span> <span class='ocrx_word' id='word_1_90' title='bbox 1040 1223 1081 1268; x_wconf 91' lang='lat' dir='ltr'>tae</span> <span class='ocrx_word' id='word_1_91' title='bbox 1100 1217 1221 1268; x_wconf 85' lang='lat' dir='ltr'>diversae</span> <span class='ocrx_word' id='word_1_92' title='bbox 1239 1223 1299 1268; x_wconf 94' lang='lat' dir='ltr'>sunt</span> <span class='ocrx_word' id='word_1_93' title='bbox 1317 1219 1344 1268; x_wconf 94' lang='lat' dir='ltr'>in</span> <span class='ocrx_word' id='word_1_94' title='bbox 1363 1215 1500 1268; x_wconf 88' lang='lat' dir='ltr'>diverslsl</span> <span class='ocrx_word' id='word_1_95' title='bbox 1523 1215 1572 1268; x_wconf 91' lang='grc'>466</span> <span class='ocrx_word' id='word_1_96' title='bbox 1593 1211 1621 1266; x_wconf 91' lang='grc'>7*</span> <span class='ocrx_word' id='word_1_97' title='bbox 1640 1239 1675 1252; x_wconf 84' lang='lat'><em>-</em></span> <span class='ocrx_word' id='word_1_98' title='bbox 1713 1211 1788 1264; x_wconf 86' lang='lat' dir='ltr'>lator</span> <span class='ocrx_word' id='word_1_99' title='bbox 1805 1225 1887 1275; x_wconf 87' lang='lat' dir='ltr'>super</span> <span class='ocrx_word' id='word_1_100' title='bbox 1905 1211 1968 1278; x_wconf 91' lang='lat' dir='ltr'>quid</span> <span class='ocrx_word' id='word_1_101' title='bbox 1985 1211 2143 1278; x_wconf 88' lang='lat' dir='ltr'>absolutum,</span> <span class='ocrx_word' id='word_1_102' title='bbox 2156 1213 2286 1278; x_wconf 90' lang='lat' dir='ltr'>quaedam</span> <span class='ocrx_word' id='word_1_103' title='bbox 2309 1225 2349 1262; x_wconf 91' lang='lat' dir='ltr'>su·</span> 
     </span>
     <span class='ocr_line' id='line_1_8' title="bbox 366 1301 2348 1376; baseline -0.006 -16"><span class='ocrx_word' id='word_1_104' title='bbox 366 1307 453 1362; x_wconf 90' lang='lat' dir='ltr'>mandi</span> <span class='ocrx_word' id='word_1_105' title='bbox 473 1309 598 1372; x_wconf 92' lang='lat' dir='ltr'>competit</span> <span class='ocrx_word' id='word_1_106' title='bbox 614 1311 636 1360; x_wconf 91' lang='lat' dir='ltr'>ei</span> <span class='ocrx_word' id='word_1_107' title='bbox 658 1309 729 1376; x_wconf 89' lang='lat' dir='ltr'>quod</span> <span class='ocrx_word' id='word_1_108' title='bbox 747 1307 824 1360; x_wconf 88' lang='lat' dir='ltr'>babet</span> <span class='ocrx_word' id='word_1_109' title='bbox 838 1307 1000 1358; x_wconf 90' lang='lat' dir='ltr'>diversarum</span> <span class='ocrx_word' id='word_1_110' title='bbox 1040 1307 1184 1358; x_wconf 89' lang='lat' dir='ltr'>secuudum</span> <span class='ocrx_word' id='word_1_111' title='bbox 1205 1307 1340 1370; x_wconf 87' lang='lat' dir='ltr'>oppositas</span> <span class='ocrx_word' id='word_1_112' title='bbox 1357 1306 1492 1372; x_wconf 90' lang='lat' dir='ltr'>qualitates</span> <span class='ocrx_word' id='word_1_113' title='bbox 1514 1317 1675 1370; x_wconf 87' lang='lat' dir='ltr'>praesuppo·</span> <span class='ocrx_word' id='word_1_114' title='bbox 1714 1313 1760 1366; x_wconf 90' lang='lat' dir='ltr'>per</span> <span class='ocrx_word' id='word_1_115' title='bbox 1778 1306 1923 1362; x_wconf 88' lang='lat' dir='ltr'>respectum</span> <span class='ocrx_word' id='word_1_116' title='bbox 1944 1301 2000 1352; x_wconf 86' lang='lat' dir='ltr'>sire</span> <span class='ocrx_word' id='word_1_117' title='bbox 2021 1301 2129 1352; x_wconf 89' lang='lat' dir='ltr'>modum</span> <span class='ocrx_word' id='word_1_118' title='bbox 2153 1315 2181 1352; x_wconf 90' lang='lat' dir='ltr'>se</span> <span class='ocrx_word' id='word_1_119' title='bbox 2209 1301 2348 1352; x_wconf 85' lang='lat' dir='ltr'>nabendil</span> 
     </span>
     <span class='ocr_line' id='line_1_9' title="bbox 366 1385 2348 1454; baseline -0.005 -6"><span class='ocrx_word' id='word_1_120' title='bbox 366 1397 510 1448; x_wconf 86' lang='lat' dir='ltr'>termarum</span> <span class='ocrx_word' id='word_1_121' title='bbox 536 1405 640 1448; x_wconf 91' lang='lat' dir='ltr'>naturas</span> <span class='ocrx_word' id='word_1_122' title='bbox 660 1399 681 1448; x_wconf 95' lang='lat' dir='ltr'>V</span> <span class='ocrx_word' id='word_1_123' title='bbox 701 1397 735 1448; x_wconf 89' lang='grc'>73</span> <span class='ocrx_word' id='word_1_124' title='bbox 755 1393 802 1446; x_wconf 75' lang='lat' dir='ltr'>lt*</span> <span class='ocrx_word' id='word_1_125' title='bbox 814 1421 851 1434; x_wconf 87' lang='lat'><em>-</em></span> <span class='ocrx_word' id='word_1_126' title='bbox 864 1395 1002 1454; x_wconf 77' lang='lat' dir='ltr'>diversitas</span> <span class='ocrx_word' id='word_1_127' title='bbox 1040 1397 1076 1446; x_wconf 93' lang='lat' dir='ltr'>nit</span> <span class='ocrx_word' id='word_1_128' title='bbox 1094 1395 1285 1449; x_wconf 83' lang='lat' dir='ltr'>distinctionem</span> <span class='ocrx_word' id='word_1_129' title='bbox 1304 1395 1449 1446; x_wconf 91' lang='lat' dir='ltr'>secundum</span> <span class='ocrx_word' id='word_1_130' title='bbox 1463 1391 1632 1446; x_wconf 86' lang='lat' dir='ltr'>substantiam</span> <span class='ocrx_word' id='word_1_131' title='bbox 1647 1391 1674 1442; x_wconf 94' lang='grc'>111</span> <span class='ocrx_word' id='word_1_132' title='bbox 1713 1387 1764 1438; x_wconf 88' lang='grc'>463</span> <span class='ocrx_word' id='word_1_133' title='bbox 1784 1385 1821 1436; x_wconf 77' lang='grc'>3*.</span> <span class='ocrx_word' id='word_1_134' title='bbox 1834 1385 1884 1436; x_wconf 85' lang='grc'>688</span> <span class='ocrx_word' id='word_1_135' title='bbox 1907 1385 1932 1436; x_wconf 87' lang='grc'>4*</span> <span class='ocrx_word' id='word_1_136' title='bbox 1944 1415 1981 1426; x_wconf 88' lang='grc'>-</span> <span class='ocrx_word' id='word_1_137' title='bbox 1998 1389 2145 1442; x_wconf 88' lang='grc'>44444644</span> <span class='ocrx_word' id='word_1_138' title='bbox 2164 1389 2348 1454; x_wconf 88' lang='lat' dir='ltr'>proprietatem</span> 
     </span>
     <span class='ocr_line' id='line_1_10' title="bbox 367 1475 2351 1546; baseline -0.003 -12"><span class='ocrx_word' id='word_1_139' title='bbox 367 1489 518 1536; x_wconf 90' lang='lat' dir='ltr'>naturarum</span> <span class='ocrx_word' id='word_1_140' title='bbox 546 1485 605 1538; x_wconf 91' lang='lat' dir='ltr'>lacit</span> <span class='ocrx_word' id='word_1_141' title='bbox 629 1485 663 1538; x_wconf 90' lang='lat' dir='ltr'>ad</span> <span class='ocrx_word' id='word_1_142' title='bbox 690 1483 907 1546; x_wconf 89' lang='lat' dir='ltr'>compositionem</span> <span class='ocrx_word' id='word_1_143' title='bbox 926 1483 948 1534; x_wconf 89' lang='lat' dir='ltr'>V</span> <span class='ocrx_word' id='word_1_144' title='bbox 968 1481 1002 1532; x_wconf 91' lang='grc'>74</span> <span class='ocrx_word' id='word_1_145' title='bbox 1041 1481 1074 1532; x_wconf 88' lang='grc'>86</span> <span class='ocrx_word' id='word_1_146' title='bbox 1095 1483 1150 1536; x_wconf 82' lang='lat' dir='ltr'>ts</span> <span class='ocrx_word' id='word_1_147' title='bbox 1713 1475 1858 1526; x_wconf 87' lang='lat' dir='ltr'>absolutam</span> <span class='ocrx_word' id='word_1_148' title='bbox 1884 1489 1914 1526; x_wconf 92' lang='lat' dir='ltr'>ea</span> <span class='ocrx_word' id='word_1_149' title='bbox 1933 1477 2006 1540; x_wconf 89' lang='lat' dir='ltr'>prior</span> <span class='ocrx_word' id='word_1_150' title='bbox 2025 1483 2077 1542; x_wconf 91' lang='lat' dir='ltr'>est,</span> <span class='ocrx_word' id='word_1_151' title='bbox 2094 1493 2168 1544; x_wconf 91' lang='lat' dir='ltr'>-quae</span> <span class='ocrx_word' id='word_1_152' title='bbox 2196 1487 2234 1530; x_wconf 90' lang='lat' dir='ltr'>est</span> <span class='ocrx_word' id='word_1_153' title='bbox 2263 1491 2351 1528; x_wconf 86' lang='lat' dir='ltr'>secun·</span> 
     </span>
     <span class='ocr_line' id='line_1_11' title="bbox 366 1563 2197 1636; baseline -0.003 -14"><span class='ocrx_word' id='word_1_154' title='bbox 366 1571 382 1622; x_wconf 90' lang='lat' dir='ltr'>l.</span> <span class='ocrx_word' id='word_1_155' title='bbox 404 1575 420 1622; x_wconf 91' lang='grc'>7</span> <span class='ocrx_word' id='word_1_156' title='bbox 1094 1599 1129 1611; x_wconf 95' lang='grc'>-</span> <span class='ocrx_word' id='word_1_157' title='bbox 1148 1571 1220 1636; x_wconf 86' lang='lat' dir='ltr'>Quae</span> <span class='ocrx_word' id='word_1_158' title='bbox 1238 1583 1266 1622; x_wconf 92' lang='lat' dir='ltr'>se</span> <span class='ocrx_word' id='word_1_159' title='bbox 1286 1571 1349 1634; x_wconf 90' lang='lat' dir='ltr'>ipsis</span> <span class='ocrx_word' id='word_1_160' title='bbox 1366 1569 1561 1634; x_wconf 90' lang='lat' dir='ltr'>distinguuntur</span> <span class='ocrx_word' id='word_1_161' title='bbox 1575 1567 1676 1620; x_wconf 77' lang='lat' dir='ltr'>realiter</span> <span class='ocrx_word' id='word_1_162' title='bbox 1715 1563 1779 1616; x_wconf 90' lang='lat' dir='ltr'>dum</span> <span class='ocrx_word' id='word_1_163' title='bbox 1798 1565 1971 1628; x_wconf 87' lang='lat' dir='ltr'>respectivam</span> <span class='ocrx_word' id='word_1_164' title='bbox 1991 1565 2016 1616; x_wconf 88' lang='lat' dir='ltr'>V</span> <span class='ocrx_word' id='word_1_165' title='bbox 2034 1563 2068 1616; x_wconf 94' lang='grc'>74</span> <span class='ocrx_word' id='word_1_166' title='bbox 2087 1577 2143 1628; x_wconf 87' lang='lat' dir='ltr'>arg.</span> <span class='ocrx_word' id='word_1_167' title='bbox 2165 1565 2197 1616; x_wconf 92' lang='grc'>46</span> 
     </span>
     <span class='ocr_line' id='line_1_12' title="bbox 419 1651 2349 1726; baseline -0.005 -14"><span class='ocrx_word' id='word_1_168' title='bbox 419 1667 510 1712; x_wconf 88' lang='lat' dir='ltr'>-est</span> <span class='ocrx_word' id='word_1_169' title='bbox 541 1661 567 1712; x_wconf 92' lang='lat' dir='ltr'>iu</span> <span class='ocrx_word' id='word_1_170' title='bbox 595 1661 721 1714; x_wconf 90' lang='lat' dir='ltr'>creaturis</span> <span class='ocrx_word' id='word_1_171' title='bbox 749 1661 773 1710; x_wconf 93' lang='lat' dir='ltr'>ln</span> <span class='ocrx_word' id='word_1_172' title='bbox 794 1661 849 1710; x_wconf 92' lang='lat' dir='ltr'>sois</span> <span class='ocrx_word' id='word_1_173' title='bbox 869 1659 1002 1724; x_wconf 86' lang='lat' dir='ltr'>principiis</span> <span class='ocrx_word' id='word_1_174' title='bbox 1041 1659 1203 1712; x_wconf 80' lang='lat' dir='ltr'>differuntV</span> <span class='ocrx_word' id='word_1_175' title='bbox 1226 1661 1257 1710; x_wconf 89' lang='grc'>47</span> <span class='ocrx_word' id='word_1_176' title='bbox 1277 1671 1332 1726; x_wconf 82' lang='lat' dir='ltr'>arg.</span> <span class='ocrx_word' id='word_1_177' title='bbox 1352 1657 1552 1708; x_wconf 87' lang='lat' dir='ltr'>t8—Dlilarre</span> <span class='ocrx_word' id='word_1_178' title='bbox 1571 1671 1599 1708; x_wconf 86' lang='lat' dir='ltr'>se</span> <span class='ocrx_word' id='word_1_179' title='bbox 1612 1657 1676 1720; x_wconf 90' lang='lat' dir='ltr'>ipsis</span> <span class='ocrx_word' id='word_1_180' title='bbox 1766 1677 1800 1688; x_wconf 91' lang='lat'><em>-</em></span> <span class='ocrx_word' id='word_1_181' title='bbox 1821 1651 1961 1704; x_wconf 78' lang='lat' dir='ltr'>diversitas</span> <span class='ocrx_word' id='word_1_182' title='bbox 1984 1655 2092 1706; x_wconf 91' lang='lat' dir='ltr'>rationis</span> <span class='ocrx_word' id='word_1_183' title='bbox 2116 1661 2156 1706; x_wconf 93' lang='lat' dir='ltr'>est</span> <span class='ocrx_word' id='word_1_184' title='bbox 2180 1667 2227 1718; x_wconf 90' lang='lat' dir='ltr'>per</span> <span class='ocrx_word' id='word_1_185' title='bbox 2253 1651 2349 1704; x_wconf 89' lang='lat' dir='ltr'>babere</span> 
     </span>
     <span class='ocr_line' id='line_1_13' title="bbox 365 1739 2349 1812; baseline -0.003 -15"><span class='ocrx_word' id='word_1_186' title='bbox 365 1747 509 1800; x_wconf 80' lang='lat' dir='ltr'>intrinsecis</span> <span class='ocrx_word' id='word_1_187' title='bbox 528 1753 553 1798; x_wconf 91' lang='lat' dir='ltr'>et</span> <span class='ocrx_word' id='word_1_188' title='bbox 571 1747 749 1800; x_wconf 89' lang='lat' dir='ltr'>accidentibus</span> <span class='ocrx_word' id='word_1_189' title='bbox 760 1747 876 1798; x_wconf 86' lang='lat' dir='ltr'>coaiilxis</span> <span class='ocrx_word' id='word_1_190' title='bbox 890 1747 912 1796; x_wconf 92' lang='lat' dir='ltr'>V</span> <span class='ocrx_word' id='word_1_191' title='bbox 927 1747 960 1796; x_wconf 85' lang='lat'>86</span> <span class='ocrx_word' id='word_1_192' title='bbox 974 1743 1002 1798; x_wconf 91' lang='grc'>7*</span> <span class='ocrx_word' id='word_1_193' title='bbox 1041 1751 1165 1812; x_wconf 88' lang='lat' dir='ltr'>competit</span> <span class='ocrx_word' id='word_1_194' title='bbox 1184 1745 1325 1812; x_wconf 86' lang='lat' dir='ltr'>generibus</span> <span class='ocrx_word' id='word_1_195' title='bbox 1345 1747 1547 1812; x_wconf 89' lang='lat' dir='ltr'>generalissimis</span> <span class='ocrx_word' id='word_1_196' title='bbox 1566 1745 1573 1796; x_wconf 96' lang='grc'>1</span> <span class='ocrx_word' id='word_1_197' title='bbox 1595 1743 1675 1796; x_wconf 90' lang='grc'>4676</span> <span class='ocrx_word' id='word_1_198' title='bbox 1715 1739 1833 1792; x_wconf 88' lang='lat' dir='ltr'>diversas</span> <span class='ocrx_word' id='word_1_199' title='bbox 1851 1741 2032 1806; x_wconf 73' lang='lat' dir='ltr'>proprietates,</span> <span class='ocrx_word' id='word_1_200' title='bbox 2053 1739 2123 1808; x_wconf 92' lang='lat' dir='ltr'>quod</span> <span class='ocrx_word' id='word_1_201' title='bbox 2144 1741 2242 1794; x_wconf 89' lang='lat' dir='ltr'>inducit</span> <span class='ocrx_word' id='word_1_202' title='bbox 2261 1741 2349 1794; x_wconf 85' lang='lat' dir='ltr'>distin-</span> 
     </span>
     <span class='ocr_line' id='line_1_14' title="bbox 419 1829 2350 1902; baseline -0.004 -16"><span class='ocrx_word' id='word_1_203' title='bbox 419 1863 453 1874; x_wconf 82' lang='lat'><em>-</em></span> <span class='ocrx_word' id='word_1_204' title='bbox 473 1835 634 1888; x_wconf 76' lang='lat' dir='ltr'>Differentiae</span> <span class='ocrx_word' id='word_1_205' title='bbox 655 1839 754 1900; x_wconf 84' lang='lat' dir='ltr'>primae</span> <span class='ocrx_word' id='word_1_206' title='bbox 772 1839 799 1886; x_wconf 85' lang='grc'>41</span> <span class='ocrx_word' id='word_1_207' title='bbox 810 1847 930 1886; x_wconf 86' lang='grc'>444444</span> <span class='ocrx_word' id='word_1_208' title='bbox 943 1839 1002 1886; x_wconf 86' lang='lat' dir='ltr'>strui</span> <span class='ocrx_word' id='word_1_209' title='bbox 1040 1865 1074 1874; x_wconf 86' lang='grc'>-</span> <span class='ocrx_word' id='word_1_210' title='bbox 1094 1837 1177 1890; x_wconf 79' lang='lat' dir='ltr'>Prima</span> <span class='ocrx_word' id='word_1_211' title='bbox 1196 1849 1293 1902; x_wconf 88' lang='lat' dir='ltr'>genera</span> <span class='ocrx_word' id='word_1_212' title='bbox 1322 1849 1424 1886; x_wconf 90' lang='lat' dir='ltr'>summe</span> <span class='ocrx_word' id='word_1_213' title='bbox 1443 1835 1579 1896; x_wconf 90' lang='lat' dir='ltr'>dillerunt,</span> <span class='ocrx_word' id='word_1_214' title='bbox 1599 1841 1623 1886; x_wconf 91' lang='lat' dir='ltr'>et</span> <span class='ocrx_word' id='word_1_215' title='bbox 1644 1841 1677 1884; x_wconf 89' lang='lat' dir='ltr'>ta·</span> <span class='ocrx_word' id='word_1_216' title='bbox 1715 1829 1840 1888; x_wconf 83' lang='lat' dir='ltr'>ctionem,</span> <span class='ocrx_word' id='word_1_217' title='bbox 1865 1829 1907 1880; x_wconf 87' lang='lat' dir='ltr'>vel</span> <span class='ocrx_word' id='word_1_218' title='bbox 1926 1841 1974 1892; x_wconf 90' lang='lat' dir='ltr'>per</span> <span class='ocrx_word' id='word_1_219' title='bbox 1993 1829 2091 1880; x_wconf 86' lang='lat' dir='ltr'>trabere</span> <span class='ocrx_word' id='word_1_220' title='bbox 2113 1831 2298 1894; x_wconf 79' lang='lat' dir='ltr'>proprietatem</span> <span class='ocrx_word' id='word_1_221' title='bbox 2326 1834 2350 1880; x_wconf 92' lang='lat' dir='ltr'>et</span> 
     </span>
     <span class='ocr_line' id='line_1_15' title="bbox 366 1915 2349 1990; baseline -0.004 -14"><span class='ocrx_word' id='word_1_222' title='bbox 366 1937 459 1976; x_wconf 90' lang='lat' dir='ltr'>causae</span> <span class='ocrx_word' id='word_1_223' title='bbox 479 1939 492 1974; x_wconf 97' lang='grc'>4</span> <span class='ocrx_word' id='word_1_224' title='bbox 512 1931 627 1988; x_wconf 88' lang='grc'>4444444,</span> <span class='ocrx_word' id='word_1_225' title='bbox 646 1925 749 1976; x_wconf 89' lang='lat' dir='ltr'>etentis</span> <span class='ocrx_word' id='word_1_226' title='bbox 768 1929 825 1974; x_wconf 90' lang='lat' dir='ltr'>actu</span> <span class='ocrx_word' id='word_1_227' title='bbox 846 1919 879 1974; x_wconf 91' lang='lat' dir='ltr'>ab</span> <span class='ocrx_word' id='word_1_228' title='bbox 899 1927 957 1974; x_wconf 92' lang='lat' dir='ltr'>ente</span> <span class='ocrx_word' id='word_1_229' title='bbox 977 1925 1001 1972; x_wconf 92' lang='lat' dir='ltr'>in</span> <span class='ocrx_word' id='word_1_230' title='bbox 1041 1937 1101 1976; x_wconf 91' lang='lat' dir='ltr'>men</span> <span class='ocrx_word' id='word_1_231' title='bbox 1120 1939 1149 1976; x_wconf 88' lang='lat' dir='ltr'>sa</span> <span class='ocrx_word' id='word_1_232' title='bbox 1168 1927 1231 1990; x_wconf 89' lang='lat' dir='ltr'>ipsis</span> <span class='ocrx_word' id='word_1_233' title='bbox 1249 1923 1464 1976; x_wconf 80' lang='lat' dir='ltr'>dilleruutVll</span> <span class='ocrx_word' id='word_1_234' title='bbox 1489 1921 1517 1972; x_wconf 92' lang='grc'>4*</span> <span class='ocrx_word' id='word_1_235' title='bbox 1538 1921 1682 1988; x_wconf 78' lang='grc'>-414444</span> <span class='ocrx_word' id='word_1_236' title='bbox 1715 1929 1765 1968; x_wconf 90' lang='grc'>444</span> <span class='ocrx_word' id='word_1_237' title='bbox 1786 1915 1890 1980; x_wconf 86' lang='lat' dir='ltr'>babere,</span> <span class='ocrx_word' id='word_1_238' title='bbox 1910 1917 1981 1982; x_wconf 91' lang='lat' dir='ltr'>quod</span> <span class='ocrx_word' id='word_1_239' title='bbox 2009 1931 2058 1968; x_wconf 91' lang='grc'>444</span> <span class='ocrx_word' id='word_1_240' title='bbox 2088 1919 2186 1970; x_wconf 86' lang='lat' dir='ltr'>inducit</span> <span class='ocrx_word' id='word_1_241' title='bbox 2212 1919 2349 1970; x_wconf 88' lang='lat' dir='ltr'>distinctio·</span> 
     </span>
     <span class='ocr_line' id='line_1_16' title="bbox 366 2007 2172 2078; baseline -0.002 -14"><span class='ocrx_word' id='word_1_242' title='bbox 366 2015 477 2076; x_wconf 85' lang='lat' dir='ltr'>potentia</span> <span class='ocrx_word' id='word_1_243' title='bbox 503 2013 508 2060; x_wconf 95' lang='lat' dir='ltr'>l</span> <span class='ocrx_word' id='word_1_244' title='bbox 540 2013 591 2064; x_wconf 89' lang='grc'>367</span> <span class='ocrx_word' id='word_1_245' title='bbox 620 2009 649 2064; x_wconf 90' lang='grc'>6*</span> <span class='ocrx_word' id='word_1_246' title='bbox 668 2039 703 2050; x_wconf 84' lang='grc'>-</span> <span class='ocrx_word' id='word_1_247' title='bbox 722 2009 871 2064; x_wconf 83' lang='grc'>84444644</span> <span class='ocrx_word' id='word_1_248' title='bbox 901 2011 1002 2078; x_wconf 92' lang='lat' dir='ltr'>quiddl·</span> <span class='ocrx_word' id='word_1_249' title='bbox 1041 2023 1149 2078; x_wconf 88' lang='lat' dir='ltr'>possunt</span> <span class='ocrx_word' id='word_1_250' title='bbox 1169 2015 1293 2076; x_wconf 83' lang='lat' dir='ltr'>distingui</span> <span class='ocrx_word' id='word_1_251' title='bbox 1321 2025 1350 2062; x_wconf 90' lang='lat' dir='ltr'>se</span> <span class='ocrx_word' id='word_1_252' title='bbox 1377 2013 1455 2076; x_wconf 90' lang='lat' dir='ltr'>ipsis,</span> <span class='ocrx_word' id='word_1_253' title='bbox 1482 2011 1541 2062; x_wconf 90' lang='lat' dir='ltr'>licet</span> <span class='ocrx_word' id='word_1_254' title='bbox 1565 2007 1677 2060; x_wconf 89' lang='lat' dir='ltr'>babeant</span> <span class='ocrx_word' id='word_1_255' title='bbox 1715 2008 1800 2060; x_wconf 89' lang='lat' dir='ltr'>nemi</span> <span class='ocrx_word' id='word_1_256' title='bbox 1823 2009 1871 2060; x_wconf 88' lang='grc'>443</span> <span class='ocrx_word' id='word_1_257' title='bbox 1894 2007 1929 2061; x_wconf 80' lang='grc'>4*.</span> <span class='ocrx_word' id='word_1_258' title='bbox 1949 2009 1998 2060; x_wconf 93' lang='grc'>369</span> <span class='ocrx_word' id='word_1_259' title='bbox 2021 2007 2118 2062; x_wconf 85' lang='grc'>4*.691</span> <span class='ocrx_word' id='word_1_260' title='bbox 2144 2009 2172 2060; x_wconf 90' lang='grc'>7*</span> 
     </span>
     <span class='ocr_line' id='line_1_17' title="bbox 365 2097 2349 2166; baseline -0.001 -16"><span class='ocrx_word' id='word_1_261' title='bbox 365 2105 445 2152; x_wconf 88' lang='grc'>44444</span> <span class='ocrx_word' id='word_1_262' title='bbox 475 2099 632 2152; x_wconf 89' lang='lat' dir='ltr'>dillerentias</span> <span class='ocrx_word' id='word_1_263' title='bbox 661 2101 774 2152; x_wconf 89' lang='lat' dir='ltr'>occultas</span> <span class='ocrx_word' id='word_1_264' title='bbox 803 2097 829 2150; x_wconf 96' lang='grc'>64</span> <span class='ocrx_word' id='word_1_265' title='bbox 857 2099 951 2150; x_wconf 83' lang='lat' dir='ltr'>divisio</span> <span class='ocrx_word' id='word_1_266' title='bbox 977 2101 1000 2150; x_wconf 90' lang='lat' dir='ltr'>in</span> <span class='ocrx_word' id='word_1_267' title='bbox 1040 2115 1098 2152; x_wconf 88' lang='lat' dir='ltr'>esse</span> <span class='ocrx_word' id='word_1_268' title='bbox 1116 2101 1242 2166; x_wconf 78' lang='lat' dir='ltr'>originale</span> <span class='ocrx_word' id='word_1_269' title='bbox 1262 2099 1295 2150; x_wconf 91' lang='lat' dir='ltr'>ab</span> <span class='ocrx_word' id='word_1_270' title='bbox 1314 2099 1365 2150; x_wconf 93' lang='lat' dir='ltr'>allo</span> <span class='ocrx_word' id='word_1_271' title='bbox 1385 2101 1392 2150; x_wconf 96' lang='grc'>1</span> <span class='ocrx_word' id='word_1_272' title='bbox 1413 2099 1464 2150; x_wconf 92' lang='grc'>737</span> <span class='ocrx_word' id='word_1_273' title='bbox 1484 2097 1512 2148; x_wconf 91' lang='grc'>4*</span> <span class='ocrx_word' id='word_1_274' title='bbox 1766 2097 1957 2148; x_wconf 88' lang='lat' dir='ltr'>-secuudum</span> <span class='ocrx_word' id='word_1_275' title='bbox 1971 2099 2143 2162; x_wconf 89' lang='lat' dir='ltr'>proprietates</span> <span class='ocrx_word' id='word_1_276' title='bbox 2156 2099 2349 2150; x_wconf 90' lang='lat' dir='ltr'>absolutasnon</span> 
     </span>
     <span class='ocr_line' id='line_1_18' title="bbox 365 2183 2349 2254; baseline -0.001 -16"><span class='ocrx_word' id='word_1_277' title='bbox 365 2187 535 2240; x_wconf 88' lang='lat' dir='ltr'>substantiam</span> <span class='ocrx_word' id='word_1_278' title='bbox 555 2195 580 2240; x_wconf 92' lang='lat' dir='ltr'>et</span> <span class='ocrx_word' id='word_1_279' title='bbox 608 2189 782 2254; x_wconf 86' lang='lat' dir='ltr'>accidens,in</span> <span class='ocrx_word' id='word_1_280' title='bbox 812 2189 959 2240; x_wconf 84' lang='lat' dir='ltr'>universale</span> <span class='ocrx_word' id='word_1_281' title='bbox 978 2195 1002 2240; x_wconf 87' lang='lat' dir='ltr'>et</span> <span class='ocrx_word' id='word_1_282' title='bbox 1093 2191 1251 2252; x_wconf 83' lang='lat' dir='ltr'>-Species</span> <span class='ocrx_word' id='word_1_283' title='bbox 1271 2189 1469 2252; x_wconf 86' lang='lat' dir='ltr'>distinguuntur</span> <span class='ocrx_word' id='word_1_284' title='bbox 1493 2187 1677 2250; x_wconf 84' lang='lat' dir='ltr'>perdideren·</span> <span class='ocrx_word' id='word_1_285' title='bbox 1715 2189 1763 2238; x_wconf 90' lang='lat' dir='ltr'>stat</span> <span class='ocrx_word' id='word_1_286' title='bbox 1783 2199 1966 2238; x_wconf 90' lang='lat' dir='ltr'>comsumma</span> <span class='ocrx_word' id='word_1_287' title='bbox 1985 2185 2185 2250; x_wconf 90' lang='lat' dir='ltr'>simplicitaleV</span> <span class='ocrx_word' id='word_1_288' title='bbox 2207 2187 2238 2238; x_wconf 89' lang='grc'>66</span> <span class='ocrx_word' id='word_1_289' title='bbox 2260 2183 2295 2236; x_wconf 90' lang='grc'>7*.</span> <span class='ocrx_word' id='word_1_290' title='bbox 2315 2185 2349 2236; x_wconf 89' lang='grc'>74</span> 
     </span>
     <span class='ocr_line' id='line_1_19' title="bbox 365 2273 2350 2342; baseline -0.001 -16"><span class='ocrx_word' id='word_1_291' title='bbox 365 2277 528 2342; x_wconf 87' lang='grc'>44444441444,</span> <span class='ocrx_word' id='word_1_292' title='bbox 543 2279 567 2328; x_wconf 91' lang='grc'>44</span> <span class='ocrx_word' id='word_1_293' title='bbox 582 2279 724 2342; x_wconf 89' lang='lat' dir='ltr'>potentiam</span> <span class='ocrx_word' id='word_1_294' title='bbox 738 2281 868 2342; x_wconf 89' lang='lat' dir='ltr'>electum,</span> <span class='ocrx_word' id='word_1_295' title='bbox 880 2277 906 2326; x_wconf 93' lang='lat' dir='ltr'>ln</span> <span class='ocrx_word' id='word_1_296' title='bbox 920 2291 1000 2330; x_wconf 90' lang='lat' dir='ltr'>unum</span> <span class='ocrx_word' id='word_1_297' title='bbox 1040 2279 1088 2330; x_wconf 91' lang='lat' dir='ltr'>tias</span> <span class='ocrx_word' id='word_1_298' title='bbox 1107 2278 1227 2330; x_wconf 79' lang='lat' dir='ltr'>formales</span> <span class='ocrx_word' id='word_1_299' title='bbox 1246 2277 1263 2328; x_wconf 94' lang='grc'>11</span> <span class='ocrx_word' id='word_1_300' title='bbox 1285 2275 1335 2328; x_wconf 85' lang='lat' dir='ltr'>ete</span> <span class='ocrx_word' id='word_1_301' title='bbox 1355 2275 1371 2326; x_wconf 94' lang='grc'>4.</span> <span class='ocrx_word' id='word_1_302' title='bbox 1396 2279 1401 2326; x_wconf 96' lang='lat' dir='ltr'>l</span> <span class='ocrx_word' id='word_1_303' title='bbox 1427 2303 1460 2312; x_wconf 88' lang='lat'>-</span> <span class='ocrx_word' id='word_1_304' title='bbox 1480 2275 1602 2326; x_wconf 80' lang='lat' dir='ltr'>Diversae</span> <span class='ocrx_word' id='word_1_305' title='bbox 1620 2289 1677 2338; x_wconf 90' lang='lat' dir='ltr'>spe·</span> <span class='ocrx_word' id='word_1_306' title='bbox 1715 2287 1770 2338; x_wconf 86' lang='lat' dir='ltr'>arg.</span> <span class='ocrx_word' id='word_1_307' title='bbox 1789 2273 1820 2324; x_wconf 90' lang='grc'>46</span> <span class='ocrx_word' id='word_1_308' title='bbox 1839 2301 1875 2312; x_wconf 92' lang='grc'>-</span> <span class='ocrx_word' id='word_1_309' title='bbox 1895 2273 2038 2326; x_wconf 81' lang='grc'>0444444464</span> <span class='ocrx_word' id='word_1_310' title='bbox 2058 2275 2165 2326; x_wconf 88' lang='lat' dir='ltr'>rationis</span> <span class='ocrx_word' id='word_1_311' title='bbox 2183 2273 2290 2326; x_wconf 88' lang='grc'>4446444</span> <span class='ocrx_word' id='word_1_312' title='bbox 2309 2275 2350 2326; x_wconf 80' lang='lat' dir='ltr'>&#39;su-</span> 
     </span>
     <span class='ocr_line' id='line_1_20' title="bbox 365 2361 2350 2432; baseline -0.001 -18"><span class='ocrx_word' id='word_1_313' title='bbox 365 2369 389 2414; x_wconf 91' lang='lat' dir='ltr'>et</span> <span class='ocrx_word' id='word_1_314' title='bbox 409 2365 502 2430; x_wconf 92' lang='lat' dir='ltr'>molta,</span> <span class='ocrx_word' id='word_1_315' title='bbox 524 2367 550 2416; x_wconf 91' lang='lat' dir='ltr'>in</span> <span class='ocrx_word' id='word_1_316' title='bbox 578 2367 687 2430; x_wconf 85' lang='lat' dir='ltr'>simplex</span> <span class='ocrx_word' id='word_1_317' title='bbox 716 2373 741 2418; x_wconf 95' lang='grc'>44</span> <span class='ocrx_word' id='word_1_318' title='bbox 764 2367 954 2432; x_wconf 88' lang='grc'>4444444444,</span> <span class='ocrx_word' id='word_1_319' title='bbox 977 2369 1000 2416; x_wconf 87' lang='grc'>14</span> <span class='ocrx_word' id='word_1_320' title='bbox 1040 2369 1092 2418; x_wconf 86' lang='lat' dir='ltr'>eles</span> <span class='ocrx_word' id='word_1_321' title='bbox 1111 2365 1305 2430; x_wconf 88' lang='lat' dir='ltr'>distinguuntur</span> <span class='ocrx_word' id='word_1_322' title='bbox 1319 2377 1365 2428; x_wconf 92' lang='lat' dir='ltr'>per</span> <span class='ocrx_word' id='word_1_323' title='bbox 1383 2363 1501 2416; x_wconf 82' lang='lat' dir='ltr'>diuersos</span> <span class='ocrx_word' id='word_1_324' title='bbox 1521 2363 1677 2416; x_wconf 83' lang='lat' dir='ltr'>differentias</span> <span class='ocrx_word' id='word_1_325' title='bbox 1715 2375 1761 2426; x_wconf 91' lang='lat' dir='ltr'>per</span> <span class='ocrx_word' id='word_1_326' title='bbox 1781 2361 1843 2426; x_wconf 90' lang='lat' dir='ltr'>quid</span> <span class='ocrx_word' id='word_1_327' title='bbox 1864 2363 2350 2426; x_wconf 86' lang='lat' dir='ltr'>absolutumomninorepognatsim·</span> 
     </span>
     <span class='ocr_line' id='line_1_21' title="bbox 365 2447 2349 2518; baseline -0.002 -14"><span class='ocrx_word' id='word_1_328' title='bbox 365 2465 471 2504; x_wconf 89' lang='lat' dir='ltr'>causam</span> <span class='ocrx_word' id='word_1_329' title='bbox 491 2457 515 2504; x_wconf 91' lang='lat' dir='ltr'>et</span> <span class='ocrx_word' id='word_1_330' title='bbox 534 2453 714 2506; x_wconf 89' lang='lat' dir='ltr'>incausatum</span> <span class='ocrx_word' id='word_1_331' title='bbox 735 2453 757 2504; x_wconf 96' lang='lat' dir='ltr'>V</span> <span class='ocrx_word' id='word_1_332' title='bbox 777 2453 828 2504; x_wconf 91' lang='grc'>360</span> <span class='ocrx_word' id='word_1_333' title='bbox 850 2453 865 2504; x_wconf 87' lang='grc'>7</span> <span class='ocrx_word' id='word_1_334' title='bbox 1039 2453 1140 2506; x_wconf 90' lang='lat' dir='ltr'>additas</span> <span class='ocrx_word' id='word_1_335' title='bbox 1160 2469 1238 2518; x_wconf 90' lang='lat' dir='ltr'>supra</span> <span class='ocrx_word' id='word_1_336' title='bbox 1258 2467 1342 2516; x_wconf 88' lang='lat' dir='ltr'>genus</span> <span class='ocrx_word' id='word_1_337' title='bbox 1361 2451 1382 2502; x_wconf 95' lang='lat' dir='ltr'>V</span> <span class='ocrx_word' id='word_1_338' title='bbox 1403 2453 1435 2504; x_wconf 92' lang='grc'>76</span> <span class='ocrx_word' id='word_1_339' title='bbox 1456 2451 1485 2504; x_wconf 85' lang='grc'>7*</span> <span class='ocrx_word' id='word_1_340' title='bbox 1502 2481 1537 2488; x_wconf 89' lang='grc'>-</span> <span class='ocrx_word' id='word_1_341' title='bbox 1555 2453 1676 2516; x_wconf 88' lang='grc'>44444644</span> <span class='ocrx_word' id='word_1_342' title='bbox 1716 2451 1819 2516; x_wconf 86' lang='grc'>41444446</span> <span class='ocrx_word' id='word_1_343' title='bbox 1841 2453 1847 2502; x_wconf 93' lang='grc'>1</span> <span class='ocrx_word' id='word_1_344' title='bbox 1867 2449 1917 2504; x_wconf 88' lang='grc'>453</span> <span class='ocrx_word' id='word_1_345' title='bbox 1932 2447 1962 2500; x_wconf 89' lang='grc'>3*</span> <span class='ocrx_word' id='word_1_346' title='bbox 1975 2477 2008 2486; x_wconf 86' lang='grc'>-</span> <span class='ocrx_word' id='word_1_347' title='bbox 2024 2451 2162 2502; x_wconf 78' lang='lat' dir='ltr'>diversitas</span> <span class='ocrx_word' id='word_1_348' title='bbox 2174 2465 2206 2502; x_wconf 83' lang='lat' dir='ltr'>eu</span> <span class='ocrx_word' id='word_1_349' title='bbox 2219 2449 2349 2502; x_wconf 89' lang='lat' dir='ltr'>additione</span> 
     </span>
     <span class='ocr_line' id='line_1_22' title="bbox 417 2539 2351 2608; baseline -0.001 -18"><span class='ocrx_word' id='word_1_350' title='bbox 417 2541 573 2606; x_wconf 80' lang='lat' dir='ltr'>-Aliquid</span> <span class='ocrx_word' id='word_1_351' title='bbox 594 2541 664 2594; x_wconf 91' lang='lat' dir='ltr'>idem</span> <span class='ocrx_word' id='word_1_352' title='bbox 692 2541 840 2594; x_wconf 87' lang='lat' dir='ltr'>secundum</span> <span class='ocrx_word' id='word_1_353' title='bbox 865 2543 1001 2594; x_wconf 88' lang='lat' dir='ltr'>essentiam</span> <span class='ocrx_word' id='word_1_354' title='bbox 1043 2543 1069 2594; x_wconf 89' lang='lat' dir='ltr'>tit</span> <span class='ocrx_word' id='word_1_355' title='bbox 1088 2557 1135 2608; x_wconf 92' lang='lat' dir='ltr'>per</span> <span class='ocrx_word' id='word_1_356' title='bbox 1148 2543 1306 2594; x_wconf 90' lang='lat' dir='ltr'>additionem</span> <span class='ocrx_word' id='word_1_357' title='bbox 1328 2543 1514 2606; x_wconf 75' lang='lat' dir='ltr'>complentem,</span> <span class='ocrx_word' id='word_1_358' title='bbox 1535 2541 1677 2594; x_wconf 89' lang='lat' dir='ltr'>individua·</span> <span class='ocrx_word' id='word_1_359' title='bbox 1717 2539 1800 2602; x_wconf 85' lang='lat' dir='ltr'>privar</span> <span class='ocrx_word' id='word_1_360' title='bbox 1819 2539 2023 2604; x_wconf 88' lang='lat' dir='ltr'>simplieitatem,</span> <span class='ocrx_word' id='word_1_361' title='bbox 2046 2541 2106 2606; x_wconf 91' lang='lat' dir='ltr'>quia</span> <span class='ocrx_word' id='word_1_362' title='bbox 2128 2541 2200 2604; x_wconf 88' lang='lat' dir='ltr'>ponit</span> <span class='ocrx_word' id='word_1_363' title='bbox 2224 2541 2351 2604; x_wconf 86' lang='lat' dir='ltr'>composi·</span> 
     </span>
     <span class='ocr_line' id='line_1_23' title="bbox 365 2625 2110 2696; baseline -0.003 -14"><span class='ocrx_word' id='word_1_364' title='bbox 365 2629 450 2682; x_wconf 85' lang='lat' dir='ltr'>dillert</span> <span class='ocrx_word' id='word_1_365' title='bbox 468 2631 614 2682; x_wconf 89' lang='lat' dir='ltr'>secuudum</span> <span class='ocrx_word' id='word_1_366' title='bbox 633 2635 729 2684; x_wconf 89' lang='lat' dir='ltr'>statum</span> <span class='ocrx_word' id='word_1_367' title='bbox 755 2639 780 2684; x_wconf 94' lang='lat' dir='ltr'>et</span> <span class='ocrx_word' id='word_1_368' title='bbox 805 2631 1001 2696; x_wconf 85' lang='lat' dir='ltr'>dispositionem</span> <span class='ocrx_word' id='word_1_369' title='bbox 1042 2633 1071 2684; x_wconf 92' lang='lat' dir='ltr'>lis</span> <span class='ocrx_word' id='word_1_370' title='bbox 1092 2645 1140 2696; x_wconf 89' lang='lat' dir='ltr'>per</span> <span class='ocrx_word' id='word_1_371' title='bbox 1160 2631 1349 2696; x_wconf 89' lang='lat' dir='ltr'>appositionem</span> <span class='ocrx_word' id='word_1_372' title='bbox 1368 2631 1562 2682; x_wconf 75' lang='lat' dir='ltr'>contrahentem</span> <span class='ocrx_word' id='word_1_373' title='bbox 1577 2629 1584 2680; x_wconf 98' lang='grc'>1</span> <span class='ocrx_word' id='word_1_374' title='bbox 1600 2627 1675 2682; x_wconf 88' lang='grc'>4464</span> <span class='ocrx_word' id='word_1_375' title='bbox 1716 2629 1809 2678; x_wconf 88' lang='lat' dir='ltr'>tionem</span> <span class='ocrx_word' id='word_1_376' title='bbox 1833 2627 1839 2678; x_wconf 96' lang='grc' dir='ltr'>Ι</span> <span class='ocrx_word' id='word_1_377' title='bbox 1859 2627 1911 2678; x_wconf 89' lang='grc'>466</span> <span class='ocrx_word' id='word_1_378' title='bbox 1930 2625 1968 2678; x_wconf 90' lang='grc'>7*.</span> <span class='ocrx_word' id='word_1_379' title='bbox 1987 2627 2009 2678; x_wconf 95' lang='lat' dir='ltr'>V</span> <span class='ocrx_word' id='word_1_380' title='bbox 2029 2627 2061 2678; x_wconf 88' lang='grc'>76</span> <span class='ocrx_word' id='word_1_381' title='bbox 2083 2625 2110 2678; x_wconf 87' lang='grc'>7*</span> 
     </span>
     <span class='ocr_line' id='line_1_24' title="bbox 365 2715 2351 2792; baseline -0.001 -22"><span class='ocrx_word' id='word_1_382' title='bbox 365 2719 561 2782; x_wconf 88' lang='lat' dir='ltr'>superadditam</span> <span class='ocrx_word' id='word_1_383' title='bbox 580 2721 599 2770; x_wconf 93' lang='lat' dir='ltr'>il</span> <span class='ocrx_word' id='word_1_384' title='bbox 619 2717 670 2770; x_wconf 89' lang='grc'>477</span> <span class='ocrx_word' id='word_1_385' title='bbox 691 2721 715 2772; x_wconf 88' lang='grc'>6.</span> <span class='ocrx_word' id='word_1_386' title='bbox 738 2719 787 2772; x_wconf 88' lang='grc'>473</span> <span class='ocrx_word' id='word_1_387' title='bbox 808 2717 844 2786; x_wconf 82' lang='grc'>7*,</span> <span class='ocrx_word' id='word_1_388' title='bbox 865 2717 902 2772; x_wconf 85' lang='grc'>6*.</span> <span class='ocrx_word' id='word_1_389' title='bbox 916 2721 966 2772; x_wconf 91' lang='grc'>660</span> <span class='ocrx_word' id='word_1_390' title='bbox 980 2737 1002 2786; x_wconf 92' lang='grc'>4,</span> <span class='ocrx_word' id='word_1_391' title='bbox 1046 2717 1107 2774; x_wconf 81' lang='lat' dir='ltr'>Vide</span> <span class='ocrx_word' id='word_1_392' title='bbox 1130 2721 1158 2772; x_wconf 89' lang='lat' dir='ltr'>V.</span> <span class='ocrx_word' id='word_1_393' title='bbox 1178 2717 1360 2792; x_wconf 75' lang='grc'>0444444464</span> <span class='ocrx_word' id='word_1_394' title='bbox 1767 2745 1802 2752; x_wconf 86' lang='grc'>-</span> <span class='ocrx_word' id='word_1_395' title='bbox 1821 2717 1894 2780; x_wconf 88' lang='lat' dir='ltr'>Quae</span> <span class='ocrx_word' id='word_1_396' title='bbox 1912 2723 1972 2768; x_wconf 90' lang='lat' dir='ltr'>sunt</span> <span class='ocrx_word' id='word_1_397' title='bbox 1990 2715 2133 2768; x_wconf 81' lang='lat' dir='ltr'>differentia</span> <span class='ocrx_word' id='word_1_398' title='bbox 2159 2723 2219 2768; x_wconf 91' lang='lat' dir='ltr'>suut</span> <span class='ocrx_word' id='word_1_399' title='bbox 2245 2729 2351 2780; x_wconf 91' lang='lat' dir='ltr'>compo·</span> 
     </span>
     <span class='ocr_line' id='line_1_25' title="bbox 366 2805 2255 2876; baseline -0.002 -18"><span class='ocrx_word' id='word_1_400' title='bbox 366 2805 401 2870; x_wconf 87' lang='lat' dir='ltr'>l*‚</span> <span class='ocrx_word' id='word_1_401' title='bbox 423 2805 450 2858; x_wconf 87' lang='grc'>7*</span> <span class='ocrx_word' id='word_1_402' title='bbox 469 2807 1003 2876; x_wconf 75' lang='grc'>-11144444644114444644444444444·</span> <span class='ocrx_word' id='word_1_403' title='bbox 1094 2837 1128 2846; x_wconf 86' lang='grc'>-</span> <span class='ocrx_word' id='word_1_404' title='bbox 1148 2811 1220 2876; x_wconf 90' lang='lat' dir='ltr'>Quae</span> <span class='ocrx_word' id='word_1_405' title='bbox 1233 2809 1454 2872; x_wconf 84' lang='grc'>64444441444444</span> <span class='ocrx_word' id='word_1_406' title='bbox 1475 2805 1568 2860; x_wconf 87' lang='lat' dir='ltr'>nabent</span> <span class='ocrx_word' id='word_1_407' title='bbox 1592 2807 1677 2860; x_wconf 88' lang='lat' dir='ltr'>diver·</span> <span class='ocrx_word' id='word_1_408' title='bbox 1715 2807 1770 2870; x_wconf 89' lang='lat' dir='ltr'>sila,</span> <span class='ocrx_word' id='word_1_409' title='bbox 1790 2805 1862 2870; x_wconf 87' lang='lat' dir='ltr'>quasi</span> <span class='ocrx_word' id='word_1_410' title='bbox 1882 2817 1942 2858; x_wconf 88' lang='lat' dir='ltr'>cum</span> <span class='ocrx_word' id='word_1_411' title='bbox 1963 2805 2019 2856; x_wconf 90' lang='lat' dir='ltr'>allis</span> <span class='ocrx_word' id='word_1_412' title='bbox 2037 2807 2117 2870; x_wconf 92' lang='lat' dir='ltr'>posita</span> <span class='ocrx_word' id='word_1_413' title='bbox 2139 2807 2147 2858; x_wconf 98' lang='grc'>1</span> <span class='ocrx_word' id='word_1_414' title='bbox 2169 2805 2255 2858; x_wconf 92' lang='grc'>1766</span> 
     </span>
     <span class='ocr_line' id='line_1_26' title="bbox 366 2891 2351 2962; baseline -0.002 -16"><span class='ocrx_word' id='word_1_415' title='bbox 366 2901 417 2948; x_wconf 88' lang='lat' dir='ltr'>tem</span> <span class='ocrx_word' id='word_1_416' title='bbox 436 2903 516 2948; x_wconf 88' lang='lat' dir='ltr'>status</span> <span class='ocrx_word' id='word_1_417' title='bbox 537 2911 550 2948; x_wconf 91' lang='lat' dir='ltr'>a</span> <span class='ocrx_word' id='word_1_418' title='bbox 570 2903 653 2960; x_wconf 87' lang='lat' dir='ltr'>statu,</span> <span class='ocrx_word' id='word_1_419' title='bbox 675 2897 820 2948; x_wconf 89' lang='lat' dir='ltr'>secundum</span> <span class='ocrx_word' id='word_1_420' title='bbox 841 2909 908 2962; x_wconf 90' lang='lat' dir='ltr'>quos</span> <span class='ocrx_word' id='word_1_421' title='bbox 933 2897 1002 2948; x_wconf 92' lang='lat' dir='ltr'>idem</span> <span class='ocrx_word' id='word_1_422' title='bbox 1041 2911 1082 2948; x_wconf 89' lang='grc'>444</span> <span class='ocrx_word' id='word_1_423' title='bbox 1103 2899 1272 2962; x_wconf 83' lang='lat' dir='ltr'>perfectiones</span> <span class='ocrx_word' id='word_1_424' title='bbox 1300 2897 1445 2948; x_wconf 89' lang='lat' dir='ltr'>secundum</span> <span class='ocrx_word' id='word_1_425' title='bbox 1465 2899 1578 2960; x_wconf 85' lang='lat' dir='ltr'>speeiem</span> <span class='ocrx_word' id='word_1_426' title='bbox 1600 2897 1617 2950; x_wconf 95' lang='lat' dir='ltr'>ll</span> <span class='ocrx_word' id='word_1_427' title='bbox 1645 2897 1676 2948; x_wconf 88' lang='grc'>47</span> <span class='ocrx_word' id='word_1_428' title='bbox 1767 2921 1802 2930; x_wconf 87' lang='grc'>-</span> <span class='ocrx_word' id='word_1_429' title='bbox 1823 2891 1930 2944; x_wconf 86' lang='lat' dir='ltr'>Realiter</span> <span class='ocrx_word' id='word_1_430' title='bbox 1949 2893 2084 2944; x_wconf 89' lang='lat' dir='ltr'>dissimilia</span> <span class='ocrx_word' id='word_1_431' title='bbox 2104 2899 2163 2944; x_wconf 89' lang='lat' dir='ltr'>suot</span> <span class='ocrx_word' id='word_1_432' title='bbox 2182 2895 2284 2946; x_wconf 85' lang='lat' dir='ltr'>realiter</span> <span class='ocrx_word' id='word_1_433' title='bbox 2304 2893 2351 2944; x_wconf 92' lang='lat' dir='ltr'>dil·</span> 
     </span>
     <span class='ocr_line' id='line_1_27' title="bbox 366 2979 2351 3048; baseline -0.001 -14"><span class='ocrx_word' id='word_1_434' title='bbox 366 2983 627 3036; x_wconf 82' lang='grc'>64114444441538</span> <span class='ocrx_word' id='word_1_435' title='bbox 654 2983 681 3034; x_wconf 88' lang='lat' dir='ltr'>d.</span> <span class='ocrx_word' id='word_1_436' title='bbox 706 2987 777 3034; x_wconf 90' lang='grc'>7-</span> <span class='ocrx_word' id='word_1_437' title='bbox 796 2985 880 3036; x_wconf 85' lang='lat' dir='ltr'>Status</span> <span class='ocrx_word' id='word_1_438' title='bbox 909 2987 1002 3036; x_wconf 88' lang='lat' dir='ltr'>mutari</span> <span class='ocrx_word' id='word_1_439' title='bbox 1041 2987 1087 3036; x_wconf 94' lang='grc'>1.4</span> <span class='ocrx_word' id='word_1_440' title='bbox 1112 3011 1146 3024; x_wconf 80' lang='lat'>--</span> <span class='ocrx_word' id='word_1_441' title='bbox 1166 2987 1334 3038; x_wconf 81' lang='lat' dir='ltr'>Diversarum</span> <span class='ocrx_word' id='word_1_442' title='bbox 1355 2983 1626 3048; x_wconf 86' lang='lat' dir='ltr'>secondomspeeiem</span> <span class='ocrx_word' id='word_1_443' title='bbox 1642 2987 1676 3038; x_wconf 87' lang='lat' dir='ltr'>dl·</span> <span class='ocrx_word' id='word_1_444' title='bbox 1715 2983 1818 3034; x_wconf 83' lang='lat' dir='ltr'>terentia</span> <span class='ocrx_word' id='word_1_445' title='bbox 1843 2983 1862 3034; x_wconf 94' lang='lat' dir='ltr'>V</span> <span class='ocrx_word' id='word_1_446' title='bbox 1884 2981 1911 3032; x_wconf 89' lang='grc'>44</span> <span class='ocrx_word' id='word_1_447' title='bbox 1935 2995 1991 3046; x_wconf 86' lang='lat' dir='ltr'>arg.</span> <span class='ocrx_word' id='word_1_448' title='bbox 2014 2981 2053 3048; x_wconf 91' lang='lat' dir='ltr'>ll,</span> <span class='ocrx_word' id='word_1_449' title='bbox 2069 2983 2235 3048; x_wconf 72' lang='lat' dir='ltr'>lU-Quae</span> <span class='ocrx_word' id='word_1_450' title='bbox 2255 2979 2351 3032; x_wconf 88' lang='lat' dir='ltr'>babent</span> 
     </span>
     <span class='ocr_line' id='line_1_28' title="bbox 365 3065 2349 3136; baseline -0.001 -14"><span class='ocrx_word' id='word_1_451' title='bbox 365 3077 459 3134; x_wconf 91' lang='lat' dir='ltr'>potest,</span> <span class='ocrx_word' id='word_1_452' title='bbox 482 3071 578 3122; x_wconf 89' lang='lat' dir='ltr'>onitate</span> <span class='ocrx_word' id='word_1_453' title='bbox 598 3065 743 3122; x_wconf 84' lang='lat' dir='ltr'>secundum</span> <span class='ocrx_word' id='word_1_454' title='bbox 764 3083 902 3122; x_wconf 90' lang='lat' dir='ltr'>numerum</span> <span class='ocrx_word' id='word_1_455' title='bbox 923 3085 1002 3122; x_wconf 90' lang='lat' dir='ltr'>rema·</span> <span class='ocrx_word' id='word_1_456' title='bbox 1040 3087 1131 3124; x_wconf 84' lang='lat' dir='ltr'>uersae</span> <span class='ocrx_word' id='word_1_457' title='bbox 1151 3077 1210 3124; x_wconf 88' lang='grc'>4444</span> <span class='ocrx_word' id='word_1_458' title='bbox 1230 3071 1399 3136; x_wconf 87' lang='lat' dir='ltr'>perlectiones</span> <span class='ocrx_word' id='word_1_459' title='bbox 1420 3071 1446 3122; x_wconf 96' lang='lat' dir='ltr'>lll</span> <span class='ocrx_word' id='word_1_460' title='bbox 1468 3071 1518 3122; x_wconf 87' lang='grc'>806</span> <span class='ocrx_word' id='word_1_461' title='bbox 1538 3087 1593 3136; x_wconf 87' lang='lat' dir='ltr'>arg.</span> <span class='ocrx_word' id='word_1_462' title='bbox 1613 3075 1676 3122; x_wconf 90' lang='grc'>7-</span> <span class='ocrx_word' id='word_1_463' title='bbox 1715 3071 1848 3134; x_wconf 88' lang='lat' dir='ltr'>oppositas</span> <span class='ocrx_word' id='word_1_464' title='bbox 1863 3071 2002 3136; x_wconf 88' lang='lat' dir='ltr'>qualitales</span> <span class='ocrx_word' id='word_1_465' title='bbox 2022 3071 2144 3122; x_wconf 83' lang='lat' dir='ltr'>differunt</span> <span class='ocrx_word' id='word_1_466' title='bbox 2162 3073 2247 3134; x_wconf 89' lang='lat' dir='ltr'>specie</span> <span class='ocrx_word' id='word_1_467' title='bbox 2267 3069 2349 3122; x_wconf 90' lang='grc'>11367</span> 
     </span>
     <span class='ocr_line' id='line_1_29' title="bbox 365 3157 2350 3224; baseline 0 -14"><span class='ocrx_word' id='word_1_468' title='bbox 365 3167 440 3212; x_wconf 89' lang='grc'>44444</span> <span class='ocrx_word' id='word_1_469' title='bbox 454 3161 486 3212; x_wconf 92' lang='lat' dir='ltr'>iV</span> <span class='ocrx_word' id='word_1_470' title='bbox 500 3159 552 3210; x_wconf 89' lang='grc'>890</span> <span class='ocrx_word' id='word_1_471' title='bbox 572 3157 600 3210; x_wconf 90' lang='grc'>3*</span> <span class='ocrx_word' id='word_1_472' title='bbox 1040 3161 1155 3212; x_wconf 83' lang='lat' dir='ltr'>Plurlum</span> <span class='ocrx_word' id='word_1_473' title='bbox 1175 3159 1372 3224; x_wconf 83' lang='lat' dir='ltr'>perfectibiliont</span> <span class='ocrx_word' id='word_1_474' title='bbox 1402 3161 1490 3224; x_wconf 87' lang='lat' dir='ltr'>plures</span> <span class='ocrx_word' id='word_1_475' title='bbox 1514 3167 1574 3212; x_wconf 88' lang='lat' dir='ltr'>sunt</span> <span class='ocrx_word' id='word_1_476' title='bbox 1594 3161 1677 3224; x_wconf 88' lang='lat' dir='ltr'>perte·</span> <span class='ocrx_word' id='word_1_477' title='bbox 1715 3161 1730 3210; x_wconf 92' lang='lat' dir='ltr'>l.</span> <span class='ocrx_word' id='word_1_478' title='bbox 1749 3157 1765 3206; x_wconf 89' lang='lat'><strong>3</strong></span> <span class='ocrx_word' id='word_1_479' title='bbox 1786 3185 1819 3194; x_wconf 93' lang='lat'>-</span> <span class='ocrx_word' id='word_1_480' title='bbox 1839 3157 1911 3222; x_wconf 86' lang='lat' dir='ltr'>Quae</span> <span class='ocrx_word' id='word_1_481' title='bbox 1930 3157 2274 3222; x_wconf 80' lang='lat' dir='ltr'>babentoppositadiversa</span> <span class='ocrx_word' id='word_1_482' title='bbox 2292 3161 2350 3222; x_wconf 90' lang='lat' dir='ltr'>ipsa</span> 
     </span>
     <span class='ocr_line' id='line_1_30' title="bbox 417 3245 2320 3312; baseline -0.001 -14"><span class='ocrx_word' id='word_1_483' title='bbox 417 3275 453 3286; x_wconf 92' lang='lat'>-</span> <span class='ocrx_word' id='word_1_484' title='bbox 471 3247 561 3298; x_wconf 86' lang='lat' dir='ltr'>Plures</span> <span class='ocrx_word' id='word_1_485' title='bbox 579 3261 621 3298; x_wconf 88' lang='lat' dir='ltr'>res</span> <span class='ocrx_word' id='word_1_486' title='bbox 649 3247 751 3300; x_wconf 88' lang='lat' dir='ltr'>realiter</span> <span class='ocrx_word' id='word_1_487' title='bbox 778 3247 900 3300; x_wconf 87' lang='lat' dir='ltr'>diilerunt</span> <span class='ocrx_word' id='word_1_488' title='bbox 926 3247 948 3300; x_wconf 92' lang='lat' dir='ltr'>V</span> <span class='ocrx_word' id='word_1_489' title='bbox 974 3249 996 3300; x_wconf 92' lang='lat' dir='ltr'>tl</span> <span class='ocrx_word' id='word_1_490' title='bbox 1040 3251 1137 3300; x_wconf 90' lang='lat' dir='ltr'>ctiones</span> <span class='ocrx_word' id='word_1_491' title='bbox 1157 3251 1174 3300; x_wconf 98' lang='grc'>11</span> <span class='ocrx_word' id='word_1_492' title='bbox 1201 3249 1251 3300; x_wconf 90' lang='grc'>886</span> <span class='ocrx_word' id='word_1_493' title='bbox 1283 3261 1337 3312; x_wconf 90' lang='lat' dir='ltr'>arg.</span> <span class='ocrx_word' id='word_1_494' title='bbox 1358 3245 1373 3298; x_wconf 88' lang='grc'>4</span> <span class='ocrx_word' id='word_1_495' title='bbox 1392 3275 1428 3284; x_wconf 88' lang='grc'>-</span> <span class='ocrx_word' id='word_1_496' title='bbox 1452 3249 1618 3300; x_wconf 86' lang='lat' dir='ltr'>Diversarum</span> <span class='ocrx_word' id='word_1_497' title='bbox 1639 3263 1682 3302; x_wconf 84' lang='lat' dir='ltr'>re·</span> <span class='ocrx_word' id='word_1_498' title='bbox 1714 3251 1774 3300; x_wconf 88' lang='lat' dir='ltr'>suni</span> <span class='ocrx_word' id='word_1_499' title='bbox 1792 3245 1896 3296; x_wconf 85' lang='lat' dir='ltr'>diversa</span> <span class='ocrx_word' id='word_1_500' title='bbox 1916 3245 1932 3296; x_wconf 94' lang='lat' dir='ltr'>tt</span> <span class='ocrx_word' id='word_1_501' title='bbox 1954 3245 2004 3296; x_wconf 87' lang='grc'>477</span> <span class='ocrx_word' id='word_1_502' title='bbox 2026 3261 2080 3310; x_wconf 88' lang='lat' dir='ltr'>arg.</span> <span class='ocrx_word' id='word_1_503' title='bbox 2102 3247 2125 3296; x_wconf 89' lang='lat'>3.</span> <span class='ocrx_word' id='word_1_504' title='bbox 2146 3249 2177 3296; x_wconf 91' lang='lat' dir='ltr'>lV</span> <span class='ocrx_word' id='word_1_505' title='bbox 2198 3247 2247 3298; x_wconf 87' lang='grc'>130</span> <span class='ocrx_word' id='word_1_506' title='bbox 2270 3247 2320 3298; x_wconf 78' lang='grc'>43</span> 
     </span>
     <span class='ocr_line' id='line_1_31' title="bbox 365 3335 2350 3402; baseline -0.001 -14"><span class='ocrx_word' id='word_1_507' title='bbox 365 3351 421 3400; x_wconf 85' lang='lat' dir='ltr'>arg.</span> <span class='ocrx_word' id='word_1_508' title='bbox 442 3337 456 3386; x_wconf 94' lang='grc'>7</span> <span class='ocrx_word' id='word_1_509' title='bbox 478 3365 510 3374; x_wconf 90' lang='grc'>-</span> <span class='ocrx_word' id='word_1_510' title='bbox 530 3335 581 3386; x_wconf 83' lang='lat' dir='ltr'>iles</span> <span class='ocrx_word' id='word_1_511' title='bbox 600 3345 700 3388; x_wconf 82' lang='lat' dir='ltr'>creatae</span> <span class='ocrx_word' id='word_1_512' title='bbox 719 3335 821 3388; x_wconf 89' lang='lat' dir='ltr'>realiter</span> <span class='ocrx_word' id='word_1_513' title='bbox 840 3341 900 3388; x_wconf 89' lang='lat' dir='ltr'>suot</span> <span class='ocrx_word' id='word_1_514' title='bbox 919 3335 1002 3388; x_wconf 90' lang='lat' dir='ltr'>diver·</span> <span class='ocrx_word' id='word_1_515' title='bbox 1041 3351 1099 3388; x_wconf 93' lang='lat' dir='ltr'>rum</span> <span class='ocrx_word' id='word_1_516' title='bbox 1114 3337 1234 3390; x_wconf 85' lang='lat' dir='ltr'>diversae</span> <span class='ocrx_word' id='word_1_517' title='bbox 1247 3341 1307 3388; x_wconf 89' lang='lat' dir='ltr'>sunt</span> <span class='ocrx_word' id='word_1_518' title='bbox 1319 3337 1432 3388; x_wconf 91' lang='lat' dir='ltr'>rationes</span> <span class='ocrx_word' id='word_1_519' title='bbox 1444 3335 1674 3390; x_wconf 77' lang='lat' dir='ltr'>substantificaeV</span> <span class='ocrx_word' id='word_1_520' title='bbox 1765 3361 1800 3374; x_wconf 80' lang='lat'>-·</span> <span class='ocrx_word' id='word_1_521' title='bbox 1826 3335 1899 3400; x_wconf 88' lang='lat' dir='ltr'>Quae</span> <span class='ocrx_word' id='word_1_522' title='bbox 1923 3335 2020 3386; x_wconf 89' lang='lat' dir='ltr'>babent</span> <span class='ocrx_word' id='word_1_523' title='bbox 2042 3335 2160 3388; x_wconf 88' lang='lat' dir='ltr'>diversas</span> <span class='ocrx_word' id='word_1_524' title='bbox 2184 3337 2350 3402; x_wconf 88' lang='lat' dir='ltr'>operationes</span> 
     </span>
     <span class='ocr_line' id='line_1_32' title="bbox 365 3415 2349 3490; baseline 0 -14"><span class='ocrx_word' id='word_1_525' title='bbox 365 3439 408 3476; x_wconf 92' lang='lat' dir='ltr'>sae</span> <span class='ocrx_word' id='word_1_526' title='bbox 429 3421 462 3478; x_wconf 83' lang='lat' dir='ltr'>ti.</span> <span class='ocrx_word' id='word_1_527' title='bbox 491 3437 548 3488; x_wconf 84' lang='lat' dir='ltr'>arg.</span> <span class='ocrx_word' id='word_1_528' title='bbox 575 3425 602 3476; x_wconf 89' lang='grc'>3.</span> <span class='ocrx_word' id='word_1_529' title='bbox 631 3425 663 3476; x_wconf 89' lang='grc'>47</span> <span class='ocrx_word' id='word_1_530' title='bbox 692 3439 747 3490; x_wconf 89' lang='lat' dir='ltr'>arg.</span> <span class='ocrx_word' id='word_1_531' title='bbox 774 3425 999 3478; x_wconf 81' lang='grc'>44-9144414</span> <span class='ocrx_word' id='word_1_532' title='bbox 1043 3425 1068 3476; x_wconf 92' lang='lat' dir='ltr'>ll</span> <span class='ocrx_word' id='word_1_533' title='bbox 1095 3415 1185 3490; x_wconf 69' lang='lat' dir='ltr'>argi¹</span> <span class='ocrx_word' id='word_1_534' title='bbox 1714 3425 1848 3488; x_wconf 90' lang='lat' dir='ltr'>specillcas</span> <span class='ocrx_word' id='word_1_535' title='bbox 1865 3425 1953 3488; x_wconf 91' lang='lat' dir='ltr'>specie</span> <span class='ocrx_word' id='word_1_536' title='bbox 1972 3423 2095 3476; x_wconf 77' lang='lat' dir='ltr'>differunt</span> <span class='ocrx_word' id='word_1_537' title='bbox 2112 3425 2130 3474; x_wconf 98' lang='grc'>11</span> <span class='ocrx_word' id='word_1_538' title='bbox 2151 3425 2202 3476; x_wconf 90' lang='grc'>743</span> <span class='ocrx_word' id='word_1_539' title='bbox 2219 3423 2253 3476; x_wconf 88' lang='grc'>4*.</span> <span class='ocrx_word' id='word_1_540' title='bbox 2268 3423 2349 3476; x_wconf 88' lang='grc'>3686</span> 
     </span>
     <span class='ocr_line' id='line_1_33' title="bbox 365 3507 2351 3580; baseline 0.001 -16"><span class='ocrx_word' id='word_1_541' title='bbox 365 3511 486 3578; x_wconf 88' lang='lat' dir='ltr'>pluribus</span> <span class='ocrx_word' id='word_1_542' title='bbox 504 3513 593 3564; x_wconf 89' lang='lat' dir='ltr'>dicunt</span> <span class='ocrx_word' id='word_1_543' title='bbox 612 3527 744 3566; x_wconf 89' lang='lat' dir='ltr'>sommam</span> <span class='ocrx_word' id='word_1_544' title='bbox 768 3513 1002 3566; x_wconf 91' lang='lat' dir='ltr'>distinctionemV</span> <span class='ocrx_word' id='word_1_545' title='bbox 1092 3515 1221 3580; x_wconf 82' lang='lat' dir='ltr'>—Quod</span> <span class='ocrx_word' id='word_1_546' title='bbox 1239 3513 1675 3578; x_wconf 85' lang='lat' dir='ltr'>babetperlectionesdiversorum</span> <span class='ocrx_word' id='word_1_547' title='bbox 1720 3511 1781 3566; x_wconf 87' lang='lat' dir='ltr'>Vide</span> <span class='ocrx_word' id='word_1_548' title='bbox 1803 3511 1831 3564; x_wconf 89' lang='lat' dir='ltr'>V.</span> <span class='ocrx_word' id='word_1_549' title='bbox 1851 3509 1925 3566; x_wconf 85' lang='lat' dir='ltr'>Actio</span> <span class='ocrx_word' id='word_1_550' title='bbox 1945 3507 2017 3576; x_wconf 81' lang='grc'>(440</span> <span class='ocrx_word' id='word_1_551' title='bbox 2037 3509 2072 3576; x_wconf 83' lang='lat' dir='ltr'>b).</span> <span class='ocrx_word' id='word_1_552' title='bbox 2091 3539 2124 3552; x_wconf 72' lang='grc' dir='ltr'>ι·-</span> <span class='ocrx_word' id='word_1_553' title='bbox 2143 3515 2215 3578; x_wconf 91' lang='lat' dir='ltr'>Quae</span> <span class='ocrx_word' id='word_1_554' title='bbox 2233 3513 2351 3564; x_wconf 87' lang='grc'>444464-</span> 
     </span>
     <span class='ocr_line' id='line_1_34' title="bbox 365 3600 2418 3668; baseline -0.001 -14"><span class='ocrx_word' id='word_1_555' title='bbox 365 3601 398 3654; x_wconf 93' lang='grc'>64</span> <span class='ocrx_word' id='word_1_556' title='bbox 418 3615 474 3668; x_wconf 87' lang='lat' dir='ltr'>arg.</span> <span class='ocrx_word' id='word_1_557' title='bbox 496 3600 528 3651; x_wconf 91' lang='grc'>48</span> <span class='ocrx_word' id='word_1_558' title='bbox 549 3629 582 3642; x_wconf 93' lang='grc'>-</span> <span class='ocrx_word' id='word_1_559' title='bbox 602 3603 685 3656; x_wconf 89' lang='grc'>0444</span> <span class='ocrx_word' id='word_1_560' title='bbox 710 3609 826 3654; x_wconf 88' lang='lat' dir='ltr'>creatum</span> <span class='ocrx_word' id='word_1_561' title='bbox 846 3605 871 3654; x_wconf 93' lang='grc'>44</span> <span class='ocrx_word' id='word_1_562' title='bbox 891 3603 1002 3654; x_wconf 84' lang='lat' dir='ltr'>diuersis</span> <span class='ocrx_word' id='word_1_563' title='bbox 1040 3617 1167 3668; x_wconf 79' lang='lat' dir='ltr'>generum</span> <span class='ocrx_word' id='word_1_564' title='bbox 1187 3617 1235 3668; x_wconf 92' lang='lat' dir='ltr'>per</span> <span class='ocrx_word' id='word_1_565' title='bbox 1253 3603 1428 3654; x_wconf 85' lang='lat' dir='ltr'>diversitatem</span> <span class='ocrx_word' id='word_1_566' title='bbox 1446 3607 1486 3654; x_wconf 91' lang='lat' dir='ltr'>est</span> <span class='ocrx_word' id='word_1_567' title='bbox 1513 3605 1538 3654; x_wconf 90' lang='lat' dir='ltr'>iu</span> <span class='ocrx_word' id='word_1_568' title='bbox 1565 3603 1677 3656; x_wconf 83' lang='lat' dir='ltr'>dirersis</span> <span class='ocrx_word' id='word_1_569' title='bbox 1715 3615 1852 3656; x_wconf 86' lang='lat' dir='ltr'>versorum</span> <span class='ocrx_word' id='word_1_570' title='bbox 1871 3601 1926 3664; x_wconf 90' lang='lat' dir='ltr'>ipsa</span> <span class='ocrx_word' id='word_1_571' title='bbox 1946 3607 2006 3654; x_wconf 89' lang='lat' dir='ltr'>sunt</span> <span class='ocrx_word' id='word_1_572' title='bbox 2025 3601 2127 3652; x_wconf 87' lang='lat' dir='ltr'>diversa</span> <span class='ocrx_word' id='word_1_573' title='bbox 2149 3601 2226 3654; x_wconf 90' lang='grc'>1716</span> <span class='ocrx_word' id='word_1_574' title='bbox 2246 3603 2334 3666; x_wconf 82' lang='lat' dir='ltr'>argi</span> <span class='ocrx_word' id='word_1_575' title='bbox 2416 3647 2418 3654; x_wconf 82' lang='grc'>,</span> 
     </span>
     <span class='ocr_line' id='line_1_35' title="bbox 366 3689 2351 3756; baseline -0.001 -14"><span class='ocrx_word' id='word_1_576' title='bbox 366 3691 551 3756; x_wconf 87' lang='lat' dir='ltr'>multiplicatur</span> <span class='ocrx_word' id='word_1_577' title='bbox 569 3691 591 3740; x_wconf 94' lang='lat' dir='ltr'>V</span> <span class='ocrx_word' id='word_1_578' title='bbox 613 3691 643 3742; x_wconf 81' lang='lat' dir='ltr'>le</span> <span class='ocrx_word' id='word_1_579' title='bbox 665 3695 682 3744; x_wconf 90' lang='grc'>4.</span> <span class='ocrx_word' id='word_1_580' title='bbox 701 3691 733 3742; x_wconf 89' lang='grc'>49</span> <span class='ocrx_word' id='word_1_581' title='bbox 1041 3689 1208 3756; x_wconf 84' lang='lat' dir='ltr'>generibus]</span> <span class='ocrx_word' id='word_1_582' title='bbox 1230 3689 1281 3744; x_wconf 82' lang='lat' dir='ltr'>itt</span> <span class='ocrx_word' id='word_1_583' title='bbox 1300 3689 1328 3740; x_wconf 88' lang='grc'>3*</span> <span class='ocrx_word' id='word_1_584' title='bbox 1767 3719 1801 3730; x_wconf 95' lang='grc'>-</span> <span class='ocrx_word' id='word_1_585' title='bbox 1820 3691 1946 3742; x_wconf 88' lang='lat' dir='ltr'>unitatum</span> <span class='ocrx_word' id='word_1_586' title='bbox 1967 3689 1993 3740; x_wconf 88' lang='grc'>64</span> <span class='ocrx_word' id='word_1_587' title='bbox 2012 3691 2125 3742; x_wconf 88' lang='lat' dir='ltr'>continui</span> <span class='ocrx_word' id='word_1_588' title='bbox 2147 3689 2283 3756; x_wconf 85' lang='lat' dir='ltr'>divisione,</span> <span class='ocrx_word' id='word_1_589' title='bbox 2301 3691 2351 3740; x_wconf 85' lang='lat' dir='ltr'>lor·</span> 
     </span>
     <span class='ocr_line' id='line_1_36' title="bbox 419 3777 2350 3844; baseline 0 -14"><span class='ocrx_word' id='word_1_590' title='bbox 419 3779 581 3830; x_wconf 84' lang='lat' dir='ltr'>-Formae</span> <span class='ocrx_word' id='word_1_591' title='bbox 608 3779 780 3844; x_wconf 74' lang='lat' dir='ltr'>completivae.</span> <span class='ocrx_word' id='word_1_592' title='bbox 809 3793 894 3838; x_wconf 90' lang='lat' dir='ltr'>rorum</span> <span class='ocrx_word' id='word_1_593' title='bbox 926 3779 1002 3832; x_wconf 91' lang='lat' dir='ltr'>iacta·</span> <span class='ocrx_word' id='word_1_594' title='bbox 1091 3781 1172 3830; x_wconf 88' lang='lat' dir='ltr'>-ln</span> <span class='ocrx_word' id='word_1_595' title='bbox 1196 3779 1362 3832; x_wconf 89' lang='lat' dir='ltr'>distinctione</span> <span class='ocrx_word' id='word_1_596' title='bbox 1388 3779 1535 3832; x_wconf 90' lang='lat' dir='ltr'>secondum</span> <span class='ocrx_word' id='word_1_597' title='bbox 1559 3779 1677 3832; x_wconf 84' lang='lat' dir='ltr'>dilleren·</span> <span class='ocrx_word' id='word_1_598' title='bbox 1715 3793 1815 3832; x_wconf 91' lang='lat' dir='ltr'>marum</span> <span class='ocrx_word' id='word_1_599' title='bbox 1838 3779 2021 3844; x_wconf 89' lang='lat' dir='ltr'>disparatione,</span> <span class='ocrx_word' id='word_1_600' title='bbox 2036 3789 2079 3830; x_wconf 91' lang='lat' dir='ltr'>aut</span> <span class='ocrx_word' id='word_1_601' title='bbox 2093 3779 2174 3842; x_wconf 79' lang='lat' dir='ltr'>gradu</span> <span class='ocrx_word' id='word_1_602' title='bbox 2189 3781 2245 3830; x_wconf 82' lang='lat' dir='ltr'>sire</span> <span class='ocrx_word' id='word_1_603' title='bbox 2258 3777 2350 3830; x_wconf 90' lang='lat' dir='ltr'>ordine</span> 
     </span>
     <span class='ocr_line' id='line_1_37' title="bbox 363 3867 2351 3932; baseline -0.001 -12"><span class='ocrx_word' id='word_1_604' title='bbox 363 3868 899 3920; x_wconf 79' lang='grc'>4446464446444444444444441441444</span> <span class='ocrx_word' id='word_1_605' title='bbox 918 3867 1002 3932; x_wconf 76' lang='lat' dir='ltr'>argi</span> <span class='ocrx_word' id='word_1_606' title='bbox 1040 3869 1086 3920; x_wconf 89' lang='lat' dir='ltr'>tias</span> <span class='ocrx_word' id='word_1_607' title='bbox 1107 3869 1251 3920; x_wconf 86' lang='lat' dir='ltr'>materiales</span> <span class='ocrx_word' id='word_1_608' title='bbox 1271 3881 1320 3920; x_wconf 88' lang='lat' dir='ltr'>non</span> <span class='ocrx_word' id='word_1_609' title='bbox 1341 3877 1379 3920; x_wconf 91' lang='lat' dir='ltr'>est</span> <span class='ocrx_word' id='word_1_610' title='bbox 1399 3873 1480 3920; x_wconf 90' lang='lat' dir='ltr'>status</span> <span class='ocrx_word' id='word_1_611' title='bbox 1499 3869 1514 3920; x_wconf 95' lang='lat' dir='ltr'>tl</span> <span class='ocrx_word' id='word_1_612' title='bbox 1536 3867 1586 3920; x_wconf 87' lang='grc'>970</span> <span class='ocrx_word' id='word_1_613' title='bbox 1607 3867 1658 3920; x_wconf 79' lang='lat' dir='ltr'>tt</span> <span class='ocrx_word' id='word_1_614' title='bbox 1716 3869 1770 3920; x_wconf 89' lang='grc'>464</span> <span class='ocrx_word' id='word_1_615' title='bbox 1795 3867 1821 3920; x_wconf 89' lang='grc'>6.</span> <span class='ocrx_word' id='word_1_616' title='bbox 1841 3869 1856 3920; x_wconf 93' lang='grc'>7</span> <span class='ocrx_word' id='word_1_617' title='bbox 1875 3867 2064 3932; x_wconf 81' lang='lat' dir='ltr'>-Quaedam</span> <span class='ocrx_word' id='word_1_618' title='bbox 2085 3867 2281 3932; x_wconf 84' lang='lat' dir='ltr'>distinguuntur</span> <span class='ocrx_word' id='word_1_619' title='bbox 2305 3881 2351 3920; x_wconf 90' lang='lat' dir='ltr'>nu·</span> 
     </span>
     <span class='ocr_line' id='line_1_38' title="bbox 363 3947 2351 4022; baseline -0.001 -14"><span class='ocrx_word' id='word_1_620' title='bbox 363 3957 525 4010; x_wconf 87' lang='lat' dir='ltr'>-Formae</span> <span class='ocrx_word' id='word_1_621' title='bbox 545 3971 595 4010; x_wconf 91' lang='grc'>444</span> <span class='ocrx_word' id='word_1_622' title='bbox 616 3957 700 4010; x_wconf 93' lang='lat' dir='ltr'>solum</span> <span class='ocrx_word' id='word_1_623' title='bbox 721 3957 843 4010; x_wconf 90' lang='lat' dir='ltr'>dillerunt</span> <span class='ocrx_word' id='word_1_624' title='bbox 863 3971 910 4020; x_wconf 88' lang='lat' dir='ltr'>per</span> <span class='ocrx_word' id='word_1_625' title='bbox 935 3959 1002 4010; x_wconf 86' lang='lat' dir='ltr'>acci·</span> <span class='ocrx_word' id='word_1_626' title='bbox 1092 3957 1242 4022; x_wconf 82' lang='lat' dir='ltr'>-Omue‚</span> <span class='ocrx_word' id='word_1_627' title='bbox 1262 3957 1333 4022; x_wconf 91' lang='lat' dir='ltr'>quod</span> <span class='ocrx_word' id='word_1_628' title='bbox 1355 3957 1490 4022; x_wconf 88' lang='lat' dir='ltr'>distinguit</span> <span class='ocrx_word' id='word_1_629' title='bbox 1507 3957 1677 4022; x_wconf 88' lang='lat' dir='ltr'>aliquid,dat</span> <span class='ocrx_word' id='word_1_630' title='bbox 1715 3971 1836 4010; x_wconf 75' lang='lat' dir='ltr'>meroes</span> <span class='ocrx_word' id='word_1_631' title='bbox 1855 3947 2245 4008; x_wconf 78' lang='lat' dir='ltr'>soladivisionecontluuisiue</span> <span class='ocrx_word' id='word_1_632' title='bbox 2266 3967 2351 4008; x_wconf 90' lang='lat' dir='ltr'>novae</span> 
     </span>
     <span class='ocr_line' id='line_1_39' title="bbox 364 4043 2352 4112; baseline -0.001 -16"><span class='ocrx_word' id='word_1_633' title='bbox 364 4045 442 4110; x_wconf 85' lang='lat' dir='ltr'>dane,</span> <span class='ocrx_word' id='word_1_634' title='bbox 461 4045 605 4098; x_wconf 85' lang='lat' dir='ltr'>sedetiam</span> <span class='ocrx_word' id='word_1_635' title='bbox 626 4047 795 4098; x_wconf 88' lang='lat' dir='ltr'>essentialiter</span> <span class='ocrx_word' id='word_1_636' title='bbox 815 4047 835 4096; x_wconf 94' lang='lat' dir='ltr'>V</span> <span class='ocrx_word' id='word_1_637' title='bbox 856 4045 900 4098; x_wconf 89' lang='grc'>354</span> <span class='ocrx_word' id='word_1_638' title='bbox 923 4045 948 4096; x_wconf 90' lang='grc'>44</span> <span class='ocrx_word' id='word_1_639' title='bbox 969 4073 1002 4082; x_wconf 94' lang='grc'>-</span> <span class='ocrx_word' id='word_1_640' title='bbox 1039 4047 1062 4096; x_wconf 88' lang='grc'>44</span> <span class='ocrx_word' id='word_1_641' title='bbox 1081 4047 1129 4096; x_wconf 87' lang='grc'>4414</span> <span class='ocrx_word' id='word_1_642' title='bbox 1149 4061 1221 4110; x_wconf 88' lang='grc'>4444,</span> <span class='ocrx_word' id='word_1_643' title='bbox 1242 4045 1317 4112; x_wconf 90' lang='lat' dir='ltr'>quale</span> <span class='ocrx_word' id='word_1_644' title='bbox 1348 4043 1434 4108; x_wconf 90' lang='lat' dir='ltr'>ipsum</span> <span class='ocrx_word' id='word_1_645' title='bbox 1454 4049 1492 4096; x_wconf 90' lang='lat' dir='ltr'>est</span> <span class='ocrx_word' id='word_1_646' title='bbox 1509 4047 1552 4096; x_wconf 83' lang='lat' dir='ltr'>vel</span> <span class='ocrx_word' id='word_1_647' title='bbox 1571 4045 1675 4098; x_wconf 90' lang='lat' dir='ltr'>babetl</span> <span class='ocrx_word' id='word_1_648' title='bbox 1714 4045 1812 4098; x_wconf 82' lang='lat' dir='ltr'>formae</span> <span class='ocrx_word' id='word_1_649' title='bbox 1831 4043 1980 4096; x_wconf 83' lang='lat' dir='ltr'>inductione</span> <span class='ocrx_word' id='word_1_650' title='bbox 2000 4045 2018 4096; x_wconf 94' lang='grc'>11</span> <span class='ocrx_word' id='word_1_651' title='bbox 2040 4043 2126 4096; x_wconf 90' lang='grc'>4096</span> <span class='ocrx_word' id='word_1_652' title='bbox 2149 4051 2238 4108; x_wconf 84' lang='grc'>-444,</span> <span class='ocrx_word' id='word_1_653' title='bbox 2253 4043 2352 4096; x_wconf 88' lang='grc'>461444</span> 
     </span>
     <span class='ocr_line' id='line_1_40' title="bbox 362 4131 2351 4200; baseline 0 -16"><span class='ocrx_word' id='word_1_654' title='bbox 362 4133 417 4184; x_wconf 89' lang='lat' dir='ltr'>Non</span> <span class='ocrx_word' id='word_1_655' title='bbox 437 4139 475 4184; x_wconf 93' lang='lat' dir='ltr'>est</span> <span class='ocrx_word' id='word_1_656' title='bbox 494 4135 612 4184; x_wconf 91' lang='lat' dir='ltr'>omnium</span> <span class='ocrx_word' id='word_1_657' title='bbox 627 4135 773 4186; x_wconf 87' lang='grc'>44414444</span> <span class='ocrx_word' id='word_1_658' title='bbox 788 4133 920 4198; x_wconf 89' lang='lat' dir='ltr'>radicalis,</span> <span class='ocrx_word' id='word_1_659' title='bbox 935 4147 1002 4200; x_wconf 87' lang='lat' dir='ltr'>quae</span> <span class='ocrx_word' id='word_1_660' title='bbox 1040 4133 1099 4186; x_wconf 87' lang='grc'>467</span> <span class='ocrx_word' id='word_1_661' title='bbox 1111 4149 1167 4198; x_wconf 81' lang='lat' dir='ltr'>arg.</span> <span class='ocrx_word' id='word_1_662' title='bbox 1187 4135 1200 4184; x_wconf 91' lang='grc'>7</span> <span class='ocrx_word' id='word_1_663' title='bbox 1714 4133 1829 4186; x_wconf 87' lang='grc'>44444464</span> <span class='ocrx_word' id='word_1_664' title='bbox 1849 4133 1857 4182; x_wconf 97' lang='grc'>1</span> <span class='ocrx_word' id='word_1_665' title='bbox 1877 4133 1927 4184; x_wconf 91' lang='grc'>404</span> <span class='ocrx_word' id='word_1_666' title='bbox 1946 4133 1974 4184; x_wconf 91' lang='grc'>6.</span> <span class='ocrx_word' id='word_1_667' title='bbox 1988 4133 2012 4184; x_wconf 88' lang='lat' dir='ltr'>l.</span> <span class='ocrx_word' id='word_1_668' title='bbox 2033 4131 2083 4184; x_wconf 89' lang='grc'>416</span> <span class='ocrx_word' id='word_1_669' title='bbox 2097 4145 2153 4198; x_wconf 87' lang='lat' dir='ltr'>arg.</span> <span class='ocrx_word' id='word_1_670' title='bbox 2174 4133 2181 4182; x_wconf 92' lang='lat' dir='ltr'>l</span> <span class='ocrx_word' id='word_1_671' title='bbox 2202 4163 2235 4172; x_wconf 90' lang='lat'>-</span> <span class='ocrx_word' id='word_1_672' title='bbox 2249 4145 2296 4196; x_wconf 89' lang='lat' dir='ltr'>per</span> <span class='ocrx_word' id='word_1_673' title='bbox 2309 4145 2351 4184; x_wconf 90' lang='lat' dir='ltr'>re·</span> 
     </span>
     <span class='ocr_line' id='line_1_41' title="bbox 363 4217 2349 4286; baseline 0.001 -14"><span class='ocrx_word' id='word_1_674' title='bbox 363 4221 549 4286; x_wconf 90' lang='lat' dir='ltr'>multiplicetur</span> <span class='ocrx_word' id='word_1_675' title='bbox 575 4231 601 4274; x_wconf 91' lang='lat' dir='ltr'>et</span> <span class='ocrx_word' id='word_1_676' title='bbox 629 4223 744 4274; x_wconf 85' lang='lat' dir='ltr'>varietur</span> <span class='ocrx_word' id='word_1_677' title='bbox 770 4223 918 4274; x_wconf 90' lang='lat' dir='ltr'>secuudum</span> <span class='ocrx_word' id='word_1_678' title='bbox 946 4235 1002 4274; x_wconf 93' lang='lat' dir='ltr'>mo·</span> <span class='ocrx_word' id='word_1_679' title='bbox 1072 4223 1212 4274; x_wconf 82' lang='lat' dir='ltr'>—omnis</span> <span class='ocrx_word' id='word_1_680' title='bbox 1231 4227 1268 4274; x_wconf 91' lang='lat' dir='ltr'>est</span> <span class='ocrx_word' id='word_1_681' title='bbox 1289 4235 1301 4274; x_wconf 93' lang='lat' dir='ltr'>a</span> <span class='ocrx_word' id='word_1_682' title='bbox 1321 4221 1403 4274; x_wconf 86' lang='grc'>44444</span> <span class='ocrx_word' id='word_1_683' title='bbox 1424 4223 1605 4286; x_wconf 63' lang='lat' dir='ltr'>tacturas.</span> <span class='ocrx_word' id='word_1_684' title='bbox 1624 4223 1670 4274; x_wconf 91' lang='grc'>364</span> <span class='ocrx_word' id='word_1_685' title='bbox 1714 4223 1834 4274; x_wconf 87' lang='grc'>14444444</span> <span class='ocrx_word' id='word_1_686' title='bbox 1854 4219 1912 4274; x_wconf 85' lang='lat' dir='ltr'>aide</span> <span class='ocrx_word' id='word_1_687' title='bbox 1935 4219 1964 4272; x_wconf 93' lang='lat' dir='ltr'>V.</span> <span class='ocrx_word' id='word_1_688' title='bbox 1988 4217 2089 4274; x_wconf 82' lang='lat' dir='ltr'>Relatio</span> <span class='ocrx_word' id='word_1_689' title='bbox 2114 4217 2190 4284; x_wconf 80' lang='lat'><em>(508</em></span> <span class='ocrx_word' id='word_1_690' title='bbox 2216 4219 2241 4286; x_wconf 88' lang='lat' dir='ltr'>b)</span> <span class='ocrx_word' id='word_1_691' title='bbox 2267 4226 2292 4272; x_wconf 92' lang='lat' dir='ltr'>et</span> <span class='ocrx_word' id='word_1_692' title='bbox 2318 4219 2349 4272; x_wconf 91' lang='lat' dir='ltr'>V.</span> 
     </span>
     <span class='ocr_line' id='line_1_42' title="bbox 364 4303 2349 4376; baseline -0.002 -14"><span class='ocrx_word' id='word_1_693' title='bbox 364 4307 427 4362; x_wconf 90' lang='lat' dir='ltr'>dum</span> <span class='ocrx_word' id='word_1_694' title='bbox 446 4309 551 4362; x_wconf 90' lang='lat' dir='ltr'>essendi</span> <span class='ocrx_word' id='word_1_695' title='bbox 569 4307 630 4364; x_wconf 75' lang='lat' dir='ltr'>tua.</span> <span class='ocrx_word' id='word_1_696' title='bbox 653 4307 716 4364; x_wconf 80' lang='lat' dir='ltr'>Vide</span> <span class='ocrx_word' id='word_1_697' title='bbox 740 4309 767 4362; x_wconf 89' lang='lat' dir='ltr'>V.</span> <span class='ocrx_word' id='word_1_698' title='bbox 790 4307 918 4364; x_wconf 80' lang='lat' dir='ltr'>Essenit&#39;o.</span> <span class='ocrx_word' id='word_1_699' title='bbox 1041 4307 1076 4360; x_wconf 83' lang='grc'>4*.</span> <span class='ocrx_word' id='word_1_700' title='bbox 1097 4309 1203 4362; x_wconf 88' lang='grc'>11941.</span> <span class='ocrx_word' id='word_1_701' title='bbox 1226 4309 1250 4362; x_wconf 87' lang='lat' dir='ltr'>t.</span> <span class='ocrx_word' id='word_1_702' title='bbox 1268 4311 1303 4360; x_wconf 89' lang='grc'>99</span> <span class='ocrx_word' id='word_1_703' title='bbox 1322 4311 1338 4360; x_wconf 90' lang='grc'>4.</span> <span class='ocrx_word' id='word_1_704' title='bbox 1361 4311 1383 4360; x_wconf 91' lang='grc'>1.</span> <span class='ocrx_word' id='word_1_705' title='bbox 1405 4311 1453 4360; x_wconf 89' lang='grc'>106</span> <span class='ocrx_word' id='word_1_706' title='bbox 1474 4309 1491 4362; x_wconf 93' lang='grc'>6</span> <span class='ocrx_word' id='word_1_707' title='bbox 1509 4337 1545 4348; x_wconf 37' lang='grc' dir='ltr'>-ῆ</span> <span class='ocrx_word' id='word_1_708' title='bbox 1559 4311 1676 4376; x_wconf 80' lang='lat' dir='ltr'>Proprie·</span> <span class='ocrx_word' id='word_1_709' title='bbox 1717 4309 1746 4362; x_wconf 90' lang='lat' dir='ltr'>V.</span> <span class='ocrx_word' id='word_1_710' title='bbox 1763 4307 1882 4362; x_wconf 79' lang='lat' dir='ltr'>Peraean</span> <span class='ocrx_word' id='word_1_711' title='bbox 1904 4303 1979 4374; x_wconf 76' lang='lat'><em>(267</em></span> <span class='ocrx_word' id='word_1_712' title='bbox 1998 4309 2025 4372; x_wconf 85' lang='lat' dir='ltr'>o)</span> <span class='ocrx_word' id='word_1_713' title='bbox 2045 4311 2068 4358; x_wconf 91' lang='lat' dir='ltr'>in</span> <span class='ocrx_word' id='word_1_714' title='bbox 2092 4309 2175 4360; x_wconf 87' lang='lat' dir='ltr'>indice</span> <span class='ocrx_word' id='word_1_715' title='bbox 2201 4321 2290 4376; x_wconf 87' lang='lat' dir='ltr'>gener.</span> <span class='ocrx_word' id='word_1_716' title='bbox 2314 4335 2349 4346; x_wconf 90' lang='lat'><em>-</em></span> 
     </span>
     <span class='ocr_line' id='line_1_43' title="bbox 416 4397 2349 4466; baseline 0 -18"><span class='ocrx_word' id='word_1_717' title='bbox 416 4425 450 4436; x_wconf 90' lang='lat'><em>-</em></span> <span class='ocrx_word' id='word_1_718' title='bbox 469 4399 612 4452; x_wconf 88' lang='lat' dir='ltr'>Diversiias</span> <span class='ocrx_word' id='word_1_719' title='bbox 639 4403 679 4448; x_wconf 86' lang='lat' dir='ltr'>est</span> <span class='ocrx_word' id='word_1_720' title='bbox 707 4399 740 4452; x_wconf 91' lang='lat' dir='ltr'>de</span> <span class='ocrx_word' id='word_1_721' title='bbox 767 4397 926 4462; x_wconf 76' lang='lat' dir='ltr'>perfectione</span> <span class='ocrx_word' id='word_1_722' title='bbox 944 4401 1001 4450; x_wconf 90' lang='grc'>444-</span> <span class='ocrx_word' id='word_1_723' title='bbox 1040 4403 1091 4460; x_wconf 87' lang='lat' dir='ltr'>tas,</span> <span class='ocrx_word' id='word_1_724' title='bbox 1111 4411 1179 4466; x_wconf 89' lang='lat' dir='ltr'>quae</span> <span class='ocrx_word' id='word_1_725' title='bbox 1198 4399 1317 4450; x_wconf 88' lang='lat' dir='ltr'>datesse</span> <span class='ocrx_word' id='word_1_726' title='bbox 1337 4397 1501 4464; x_wconf 86' lang='lat' dir='ltr'>distinctum,</span> <span class='ocrx_word' id='word_1_727' title='bbox 1520 4405 1559 4452; x_wconf 91' lang='lat' dir='ltr'>est</span> <span class='ocrx_word' id='word_1_728' title='bbox 1583 4401 1609 4450; x_wconf 91' lang='lat' dir='ltr'>iu</span> <span class='ocrx_word' id='word_1_729' title='bbox 1634 4415 1676 4452; x_wconf 87' lang='lat' dir='ltr'>ra·</span> <span class='ocrx_word' id='word_1_730' title='bbox 1714 4397 1853 4450; x_wconf 83' lang='lat' dir='ltr'>Diversitas</span> <span class='ocrx_word' id='word_1_731' title='bbox 1870 4401 1896 4448; x_wconf 89' lang='lat' dir='ltr'>in</span> <span class='ocrx_word' id='word_1_732' title='bbox 1916 4399 2067 4462; x_wconf 85' lang='lat' dir='ltr'>respectiris</span> <span class='ocrx_word' id='word_1_733' title='bbox 2087 4399 2158 4448; x_wconf 88' lang='lat' dir='ltr'>venit</span> <span class='ocrx_word' id='word_1_734' title='bbox 2176 4411 2226 4448; x_wconf 92' lang='lat' dir='ltr'>uon</span> <span class='ocrx_word' id='word_1_735' title='bbox 2248 4401 2349 4448; x_wconf 90' lang='lat' dir='ltr'>tantum</span> 
     </span>
     <span class='ocr_line' id='line_1_44' title="bbox 363 4485 2349 4552; baseline -0.001 -16"><span class='ocrx_word' id='word_1_736' title='bbox 363 4487 448 4550; x_wconf 81' lang='lat' dir='ltr'>cersi,</span> <span class='ocrx_word' id='word_1_737' title='bbox 467 4487 509 4538; x_wconf 91' lang='lat' dir='ltr'>cul</span> <span class='ocrx_word' id='word_1_738' title='bbox 529 4491 660 4552; x_wconf 85' lang='lat' dir='ltr'>repugnat</span> <span class='ocrx_word' id='word_1_739' title='bbox 684 4487 835 4538; x_wconf 88' lang='lat' dir='ltr'>omnimoda</span> <span class='ocrx_word' id='word_1_740' title='bbox 862 4487 1003 4552; x_wconf 81' lang='lat' dir='ltr'>aequalitas</span> <span class='ocrx_word' id='word_1_741' title='bbox 1041 4487 1392 4538; x_wconf 87' lang='grc'>644414444414674.1</span> <span class='ocrx_word' id='word_1_742' title='bbox 1420 4515 1452 4526; x_wconf 85' lang='lat'>—-</span> <span class='ocrx_word' id='word_1_743' title='bbox 1471 4489 1522 4540; x_wconf 88' lang='lat' dir='ltr'>Res</span> <span class='ocrx_word' id='word_1_744' title='bbox 1542 4487 1675 4552; x_wconf 85' lang='lat' dir='ltr'>distingui·</span> <span class='ocrx_word' id='word_1_745' title='bbox 1713 4491 1820 4550; x_wconf 90' lang='lat' dir='ltr'>aparte</span> <span class='ocrx_word' id='word_1_746' title='bbox 1839 4485 1962 4550; x_wconf 87' lang='lat' dir='ltr'>subiecti,</span> <span class='ocrx_word' id='word_1_747' title='bbox 1991 4499 2084 4538; x_wconf 85' lang='lat' dir='ltr'>uerum</span> <span class='ocrx_word' id='word_1_748' title='bbox 2113 4487 2189 4538; x_wconf 91' lang='lat' dir='ltr'>etiam</span> <span class='ocrx_word' id='word_1_749' title='bbox 2220 4485 2349 4538; x_wconf 90' lang='lat' dir='ltr'>terminil</span> 
     </span>
     <span class='ocr_line' id='line_1_45' title="bbox 365 4571 2350 4640; baseline 0 -16"><span class='ocrx_word' id='word_1_750' title='bbox 365 4571 444 4626; x_wconf 87' lang='grc'>1346</span> <span class='ocrx_word' id='word_1_751' title='bbox 464 4573 493 4624; x_wconf 91' lang='grc'>4*</span> <span class='ocrx_word' id='word_1_752' title='bbox 512 4601 547 4614; x_wconf 92' lang='grc'><strong>-</strong></span> <span class='ocrx_word' id='word_1_753' title='bbox 569 4575 678 4626; x_wconf 90' lang='lat' dir='ltr'>Dillerre</span> <span class='ocrx_word' id='word_1_754' title='bbox 697 4575 867 4628; x_wconf 88' lang='lat' dir='ltr'>essentialiter</span> <span class='ocrx_word' id='word_1_755' title='bbox 893 4583 934 4628; x_wconf 90' lang='lat' dir='ltr'>est</span> <span class='ocrx_word' id='word_1_756' title='bbox 957 4577 1002 4626; x_wconf 94' lang='lat' dir='ltr'>im·</span> <span class='ocrx_word' id='word_1_757' title='bbox 1040 4583 1080 4628; x_wconf 91' lang='lat' dir='ltr'>tur</span> <span class='ocrx_word' id='word_1_758' title='bbox 1100 4575 1132 4626; x_wconf 87' lang='lat' dir='ltr'>ab</span> <span class='ocrx_word' id='word_1_759' title='bbox 1152 4577 1199 4626; x_wconf 89' lang='grc'>4144</span> <span class='ocrx_word' id='word_1_760' title='bbox 1220 4589 1266 4640; x_wconf 91' lang='lat' dir='ltr'>per</span> <span class='ocrx_word' id='word_1_761' title='bbox 1293 4575 1403 4626; x_wconf 90' lang='lat' dir='ltr'>lormam</span> <span class='ocrx_word' id='word_1_762' title='bbox 1424 4575 1444 4628; x_wconf 95' lang='lat' dir='ltr'>V</span> <span class='ocrx_word' id='word_1_763' title='bbox 1465 4575 1515 4626; x_wconf 90' lang='grc'>385</span> <span class='ocrx_word' id='word_1_764' title='bbox 1538 4577 1607 4628; x_wconf 86' lang='lat'>3-</span> <span class='ocrx_word' id='word_1_765' title='bbox 1624 4575 1676 4628; x_wconf 86' lang='lat' dir='ltr'>iles</span> <span class='ocrx_word' id='word_1_766' title='bbox 1713 4575 1762 4628; x_wconf 84' lang='lat'>588</span> <span class='ocrx_word' id='word_1_767' title='bbox 1784 4571 1821 4624; x_wconf 74' lang='grc' dir='ltr'>δ’.</span> <span class='ocrx_word' id='word_1_768' title='bbox 1841 4573 1890 4624; x_wconf 90' lang='grc'>606</span> <span class='ocrx_word' id='word_1_769' title='bbox 1916 4571 1947 4626; x_wconf 93' lang='grc'>4*.</span> <span class='ocrx_word' id='word_1_770' title='bbox 1970 4573 2020 4626; x_wconf 91' lang='grc'>607</span> <span class='ocrx_word' id='word_1_771' title='bbox 2041 4575 2095 4626; x_wconf 82' lang='grc'>43.</span> <span class='ocrx_word' id='word_1_772' title='bbox 2109 4573 2241 4640; x_wconf 77' lang='grc'>603444.</span> <span class='ocrx_word' id='word_1_773' title='bbox 2255 4571 2350 4626; x_wconf 88' lang='grc'>6403*</span> 
     </span>
     <span class='ocr_line' id='line_1_46' title="bbox 362 4659 2040 4728; baseline 0.001 -14"><span class='ocrx_word' id='word_1_774' title='bbox 362 4665 526 4728; x_wconf 86' lang='lat' dir='ltr'>perlectionis</span> <span class='ocrx_word' id='word_1_775' title='bbox 547 4663 663 4716; x_wconf 88' lang='grc'>17351.</span> <span class='ocrx_word' id='word_1_776' title='bbox 686 4663 699 4714; x_wconf 88' lang='grc'>4</span> <span class='ocrx_word' id='word_1_777' title='bbox 1040 4669 1100 4716; x_wconf 91' lang='lat' dir='ltr'>sunt</span> <span class='ocrx_word' id='word_1_778' title='bbox 1120 4663 1239 4716; x_wconf 87' lang='lat' dir='ltr'>diversae</span> <span class='ocrx_word' id='word_1_779' title='bbox 1257 4663 1403 4714; x_wconf 83' lang='lat' dir='ltr'>seeundum</span> <span class='ocrx_word' id='word_1_780' title='bbox 1424 4665 1626 4716; x_wconf 87' lang='grc'>4444441606</span> <span class='ocrx_word' id='word_1_781' title='bbox 1647 4663 1676 4716; x_wconf 88' lang='grc'>7*</span> <span class='ocrx_word' id='word_1_782' title='bbox 1764 4691 1800 4700; x_wconf 90' lang='grc'>-</span> <span class='ocrx_word' id='word_1_783' title='bbox 1823 4659 1884 4716; x_wconf 75' lang='lat' dir='ltr'>Virta</span> <span class='ocrx_word' id='word_1_784' title='bbox 1910 4661 1936 4714; x_wconf 93' lang='lat' dir='ltr'>V.</span> <span class='ocrx_word' id='word_1_785' title='bbox 1957 4661 2040 4718; x_wconf 84' lang='lat' dir='ltr'>Ordo.</span> 
     </span>
     <span class='ocr_line' id='line_1_47' title="bbox 415 4751 2349 4820; baseline -0.001 -18"><span class='ocrx_word' id='word_1_786' title='bbox 415 4779 452 4791; x_wconf 89' lang='lat'><em>-</em></span> <span class='ocrx_word' id='word_1_787' title='bbox 470 4753 615 4804; x_wconf 82' lang='lat' dir='ltr'>formarum</span> <span class='ocrx_word' id='word_1_788' title='bbox 634 4761 673 4806; x_wconf 90' lang='lat' dir='ltr'>est</span> <span class='ocrx_word' id='word_1_789' title='bbox 700 4753 725 4802; x_wconf 91' lang='lat' dir='ltr'>iu</span> <span class='ocrx_word' id='word_1_790' title='bbox 754 4751 833 4802; x_wconf 88' lang='lat' dir='ltr'>rebus</span> <span class='ocrx_word' id='word_1_791' title='bbox 857 4765 872 4804; x_wconf 91' lang='lat' dir='ltr'>a</span> <span class='ocrx_word' id='word_1_792' title='bbox 892 4751 951 4804; x_wconf 83' lang='lat' dir='ltr'>fine</span> <span class='ocrx_word' id='word_1_793' title='bbox 977 4762 1002 4806; x_wconf 91' lang='lat' dir='ltr'>et</span> <span class='ocrx_word' id='word_1_794' title='bbox 1040 4781 1074 4794; x_wconf 90' lang='lat'>—</span> <span class='ocrx_word' id='word_1_795' title='bbox 1103 4751 1315 4820; x_wconf 89' lang='lat' dir='ltr'>Unumquodque</span> <span class='ocrx_word' id='word_1_796' title='bbox 1341 4751 1419 4804; x_wconf 91' lang='lat' dir='ltr'>babet</span> <span class='ocrx_word' id='word_1_797' title='bbox 1442 4751 1632 4806; x_wconf 87' lang='lat' dir='ltr'>distinctionem</span> <span class='ocrx_word' id='word_1_798' title='bbox 1660 4769 1673 4806; x_wconf 91' lang='lat' dir='ltr'>a</span> <span class='ocrx_word' id='word_1_799' title='bbox 1761 4777 1798 4790; x_wconf 85' lang='lat'>-</span> <span class='ocrx_word' id='word_1_800' title='bbox 1816 4751 1850 4802; x_wconf 83' lang='lat' dir='ltr'>Ea</span> <span class='ocrx_word' id='word_1_801' title='bbox 1870 4765 1937 4816; x_wconf 88' lang='lat' dir='ltr'>quae</span> <span class='ocrx_word' id='word_1_802' title='bbox 1951 4753 2145 4802; x_wconf 88' lang='lat' dir='ltr'>communicant</span> <span class='ocrx_word' id='word_1_803' title='bbox 2163 4753 2187 4802; x_wconf 91' lang='lat' dir='ltr'>lo</span> <span class='ocrx_word' id='word_1_804' title='bbox 2210 4757 2298 4804; x_wconf 91' lang='lat' dir='ltr'>natura</span> <span class='ocrx_word' id='word_1_805' title='bbox 2312 4751 2349 4802; x_wconf 92' lang='lat' dir='ltr'>di·</span> 
     </span>
     <span class='ocr_line' id='line_1_48' title="bbox 363 4839 2349 4906; baseline 0 -14"><span class='ocrx_word' id='word_1_806' title='bbox 363 4841 507 4892; x_wconf 83' lang='grc'>44444644</span> <span class='ocrx_word' id='word_1_807' title='bbox 528 4847 678 4904; x_wconf 90' lang='lat' dir='ltr'>respectum</span> <span class='ocrx_word' id='word_1_808' title='bbox 696 4839 729 4892; x_wconf 89' lang='lat' dir='ltr'>ad</span> <span class='ocrx_word' id='word_1_809' title='bbox 750 4841 822 4892; x_wconf 89' lang='lat' dir='ltr'>litum</span> <span class='ocrx_word' id='word_1_810' title='bbox 841 4841 859 4892; x_wconf 98' lang='grc'>11</span> <span class='ocrx_word' id='word_1_811' title='bbox 880 4841 912 4892; x_wconf 88' lang='grc'>38</span> <span class='ocrx_word' id='word_1_812' title='bbox 933 4855 947 4892; x_wconf 91' lang='grc'>4</span> <span class='ocrx_word' id='word_1_813' title='bbox 1038 4855 1084 4894; x_wconf 90' lang='grc'>444</span> <span class='ocrx_word' id='word_1_814' title='bbox 1106 4841 1299 4904; x_wconf 88' lang='grc'>4444441144411</span> <span class='ocrx_word' id='word_1_815' title='bbox 1319 4841 1371 4892; x_wconf 90' lang='grc'>446</span> <span class='ocrx_word' id='word_1_816' title='bbox 1390 4841 1407 4892; x_wconf 89' lang='lat' dir='ltr'>l.</span> <span class='ocrx_word' id='word_1_817' title='bbox 1427 4841 1441 4892; x_wconf 88' lang='grc'>3</span> <span class='ocrx_word' id='word_1_818' title='bbox 1459 4841 1607 4892; x_wconf 86' lang='lat' dir='ltr'>-Forma</span> <span class='ocrx_word' id='word_1_819' title='bbox 1630 4841 1676 4894; x_wconf 90' lang='lat' dir='ltr'>dat</span> <span class='ocrx_word' id='word_1_820' title='bbox 1712 4843 1878 4904; x_wconf 86' lang='lat' dir='ltr'>stinguontur</span> <span class='ocrx_word' id='word_1_821' title='bbox 1898 4841 1938 4892; x_wconf 87' lang='lat' dir='ltr'>vel</span> <span class='ocrx_word' id='word_1_822' title='bbox 1959 4855 2005 4904; x_wconf 90' lang='lat' dir='ltr'>per</span> <span class='ocrx_word' id='word_1_823' title='bbox 2026 4841 2169 4906; x_wconf 89' lang='lat' dir='ltr'>materiam,</span> <span class='ocrx_word' id='word_1_824' title='bbox 2183 4843 2225 4892; x_wconf 83' lang='lat' dir='ltr'>vel</span> <span class='ocrx_word' id='word_1_825' title='bbox 2239 4843 2349 4904; x_wconf 90' lang='lat' dir='ltr'>perori-</span> 
     </span>
     <span class='ocr_line' id='line_1_49' title="bbox 415 4927 2349 4996; baseline 0.001 -16"><span class='ocrx_word' id='word_1_826' title='bbox 415 4955 450 4968; x_wconf 93' lang='grc'>-</span> <span class='ocrx_word' id='word_1_827' title='bbox 468 4929 520 4982; x_wconf 87' lang='lat' dir='ltr'>Res</span> <span class='ocrx_word' id='word_1_828' title='bbox 540 4929 636 4982; x_wconf 80' lang='lat' dir='ltr'>liabent</span> <span class='ocrx_word' id='word_1_829' title='bbox 649 4927 827 4982; x_wconf 80' lang='lat' dir='ltr'>diversitatem</span> <span class='ocrx_word' id='word_1_830' title='bbox 841 4929 874 4982; x_wconf 88' lang='lat' dir='ltr'>ad</span> <span class='ocrx_word' id='word_1_831' title='bbox 887 4931 1000 4982; x_wconf 82' lang='lat' dir='ltr'>invicem</span> <span class='ocrx_word' id='word_1_832' title='bbox 1038 4929 1674 4984; x_wconf 80' lang='grc'>444464444444441470444716-44444</span> <span class='ocrx_word' id='word_1_833' title='bbox 1712 4927 2088 4996; x_wconf 62' lang='lat' dir='ltr'>praeliatorem*</span> <span class='ocrx_word' id='word_1_834' title='bbox 2117 4957 2152 4966; x_wconf 86' lang='lat'><em>-</em></span> <span class='ocrx_word' id='word_1_835' title='bbox 2177 4931 2253 4994; x_wconf 89' lang='lat' dir='ltr'>Quod</span> <span class='ocrx_word' id='word_1_836' title='bbox 2273 4943 2349 4992; x_wconf 87' lang='lat' dir='ltr'>egre·</span> 
     </span>
     <span class='ocr_line' id='line_1_50' title="bbox 362 5015 2423 5088; baseline 0.002 -22"><span class='ocrx_word' id='word_1_837' title='bbox 362 5015 494 5068; x_wconf 80' lang='lat' dir='ltr'>alteoV</span> <span class='ocrx_word' id='word_1_838' title='bbox 514 5017 540 5066; x_wconf 95' lang='lat' dir='ltr'>ll</span> <span class='ocrx_word' id='word_1_839' title='bbox 566 5019 657 5082; x_wconf 77' lang='lat' dir='ltr'>aegii</span> <span class='ocrx_word' id='word_1_840' title='bbox 686 5045 718 5054; x_wconf 96' lang='lat'>-</span> <span class='ocrx_word' id='word_1_841' title='bbox 743 5031 830 5070; x_wconf 89' lang='lat' dir='ltr'>rerum</span> <span class='ocrx_word' id='word_1_842' title='bbox 856 5017 1000 5070; x_wconf 89' lang='lat' dir='ltr'>estaer</span> <span class='ocrx_word' id='word_1_843' title='bbox 1040 5017 1151 5084; x_wconf 88' lang='lat' dir='ltr'>perlecta</span> <span class='ocrx_word' id='word_1_844' title='bbox 1172 5023 1209 5070; x_wconf 91' lang='lat' dir='ltr'>est</span> <span class='ocrx_word' id='word_1_845' title='bbox 1229 5033 1242 5070; x_wconf 93' lang='lat' dir='ltr'>a</span> <span class='ocrx_word' id='word_1_846' title='bbox 1262 5017 1444 5084; x_wconf 84' lang='lat' dir='ltr'>torma,quae</span> <span class='ocrx_word' id='word_1_847' title='bbox 1466 5017 1584 5070; x_wconf 83' lang='lat' dir='ltr'>delesse</span> <span class='ocrx_word' id='word_1_848' title='bbox 1604 5031 1675 5070; x_wconf 91' lang='lat' dir='ltr'>com·</span> <span class='ocrx_word' id='word_1_849' title='bbox 1713 5021 1782 5072; x_wconf 90' lang='lat' dir='ltr'>ditur</span> <span class='ocrx_word' id='word_1_850' title='bbox 1801 5015 1833 5070; x_wconf 89' lang='lat' dir='ltr'>ab</span> <span class='ocrx_word' id='word_1_851' title='bbox 1854 5019 1940 5084; x_wconf 91' lang='lat' dir='ltr'>aliquo</span> <span class='ocrx_word' id='word_1_852' title='bbox 1960 5017 2046 5070; x_wconf 88' lang='lat' dir='ltr'>dliierl</span> <span class='ocrx_word' id='word_1_853' title='bbox 2063 5017 2097 5070; x_wconf 92' lang='lat' dir='ltr'>ab</span> <span class='ocrx_word' id='word_1_854' title='bbox 2116 5031 2148 5070; x_wconf 91' lang='lat' dir='ltr'>eo</span> <span class='ocrx_word' id='word_1_855' title='bbox 2168 5021 2175 5070; x_wconf 98' lang='grc'>1</span> <span class='ocrx_word' id='word_1_856' title='bbox 2195 5019 2254 5070; x_wconf 89' lang='grc'>864</span> <span class='ocrx_word' id='word_1_857' title='bbox 2276 5031 2315 5084; x_wconf 90' lang='lat' dir='ltr'>sq.</span> <span class='ocrx_word' id='word_1_858' title='bbox 2330 5019 2348 5070; x_wconf 96' lang='grc'>11</span> <span class='ocrx_word' id='word_1_859' title='bbox 2421 5083 2423 5088; x_wconf 28' lang='grc' dir='ltr'>Ι</span> 
     </span>
     <span class='ocr_line' id='line_1_51' title="bbox 363 5103 2349 5174; baseline 0 -18"><span class='ocrx_word' id='word_1_860' title='bbox 363 5105 419 5156; x_wconf 92' lang='lat' dir='ltr'>sine</span> <span class='ocrx_word' id='word_1_861' title='bbox 433 5105 582 5158; x_wconf 84' lang='lat' dir='ltr'>diversitate</span> <span class='ocrx_word' id='word_1_862' title='bbox 602 5107 628 5156; x_wconf 91' lang='lat' dir='ltr'>in</span> <span class='ocrx_word' id='word_1_863' title='bbox 647 5107 705 5170; x_wconf 89' lang='grc'>1444</span> <span class='ocrx_word' id='word_1_864' title='bbox 724 5107 743 5158; x_wconf 91' lang='grc'>11</span> <span class='ocrx_word' id='word_1_865' title='bbox 763 5103 797 5156; x_wconf 89' lang='grc'>77</span> <span class='ocrx_word' id='word_1_866' title='bbox 817 5103 854 5156; x_wconf 87' lang='grc'>6*.</span> <span class='ocrx_word' id='word_1_867' title='bbox 875 5105 907 5156; x_wconf 88' lang='grc'>10</span> <span class='ocrx_word' id='word_1_868' title='bbox 928 5123 941 5156; x_wconf 91' lang='grc'>4</span> <span class='ocrx_word' id='word_1_869' title='bbox 960 5121 1001 5174; x_wconf 89' lang='lat' dir='ltr'>sq.</span> <span class='ocrx_word' id='word_1_870' title='bbox 1039 5105 1231 5172; x_wconf 87' lang='grc'>4144441361</span> <span class='ocrx_word' id='word_1_871' title='bbox 1256 5103 1285 5156; x_wconf 90' lang='grc'>6*</span> <span class='ocrx_word' id='word_1_872' title='bbox 1429 5147 1430 5150; x_wconf 59' lang='grc'>,</span> <span class='ocrx_word' id='word_1_873' title='bbox 1712 5107 1745 5158; x_wconf 89' lang='grc'>65</span> <span class='ocrx_word' id='word_1_874' title='bbox 1764 5107 1782 5156; x_wconf 91' lang='grc'>4.</span> <span class='ocrx_word' id='word_1_875' title='bbox 1802 5107 1816 5156; x_wconf 93' lang='grc'>7</span> <span class='ocrx_word' id='word_1_876' title='bbox 1835 5133 1872 5144; x_wconf 89' lang='grc'><strong>-</strong></span> <span class='ocrx_word' id='word_1_877' title='bbox 1895 5105 1973 5172; x_wconf 92' lang='lat' dir='ltr'>Quod</span> <span class='ocrx_word' id='word_1_878' title='bbox 1997 5111 2037 5158; x_wconf 85' lang='lat' dir='ltr'>est</span> <span class='ocrx_word' id='word_1_879' title='bbox 2060 5105 2094 5158; x_wconf 91' lang='lat' dir='ltr'>ab</span> <span class='ocrx_word' id='word_1_880' title='bbox 2117 5107 2168 5158; x_wconf 92' lang='lat' dir='ltr'>allo</span> <span class='ocrx_word' id='word_1_881' title='bbox 2193 5121 2243 5158; x_wconf 90' lang='lat' dir='ltr'>nou</span> <span class='ocrx_word' id='word_1_882' title='bbox 2265 5113 2349 5166; x_wconf 86' lang='lat' dir='ltr'>potest</span> 
     </span>
     <span class='ocr_line' id='line_1_52' title="bbox 413 5183 2348 5260; baseline 0.001 -16"><span class='ocrx_word' id='word_1_883' title='bbox 413 5217 450 5232; x_wconf 89' lang='lat'><em>-</em></span> <span class='ocrx_word' id='word_1_884' title='bbox 470 5193 611 5246; x_wconf 87' lang='lat' dir='ltr'>Diversitas</span> <span class='ocrx_word' id='word_1_885' title='bbox 629 5201 668 5246; x_wconf 88' lang='lat' dir='ltr'>est</span> <span class='ocrx_word' id='word_1_886' title='bbox 686 5195 711 5246; x_wconf 89' lang='lat' dir='ltr'>iu</span> <span class='ocrx_word' id='word_1_887' title='bbox 738 5195 863 5246; x_wconf 89' lang='lat' dir='ltr'>creaturis</span> <span class='ocrx_word' id='word_1_888' title='bbox 882 5207 943 5246; x_wconf 93' lang='lat' dir='ltr'>cum</span> <span class='ocrx_word' id='word_1_889' title='bbox 962 5211 1002 5246; x_wconf 91' lang='lat' dir='ltr'>or·</span> <span class='ocrx_word' id='word_1_890' title='bbox 1094 5223 1120 5232; x_wconf 81' lang='lat'><em>-</em></span> <span class='ocrx_word' id='word_1_891' title='bbox 1144 5195 1184 5246; x_wconf 81' lang='lat' dir='ltr'>Ab</span> <span class='ocrx_word' id='word_1_892' title='bbox 1202 5195 1296 5246; x_wconf 89' lang='lat' dir='ltr'>eodem</span> <span class='ocrx_word' id='word_1_893' title='bbox 1316 5199 1354 5246; x_wconf 91' lang='lat' dir='ltr'>est</span> <span class='ocrx_word' id='word_1_894' title='bbox 1382 5209 1440 5246; x_wconf 88' lang='lat' dir='ltr'>esse</span> <span class='ocrx_word' id='word_1_895' title='bbox 1463 5201 1564 5246; x_wconf 85' lang='grc'>444444</span> <span class='ocrx_word' id='word_1_896' title='bbox 1584 5195 1674 5246; x_wconf 89' lang='lat' dir='ltr'>distin·</span> <span class='ocrx_word' id='word_1_897' title='bbox 1712 5209 1767 5248; x_wconf 89' lang='lat' dir='ltr'>esse</span> <span class='ocrx_word' id='word_1_898' title='bbox 1788 5195 1857 5246; x_wconf 89' lang='lat' dir='ltr'>idem</span> <span class='ocrx_word' id='word_1_899' title='bbox 1876 5207 1890 5246; x_wconf 92' lang='lat' dir='ltr'>a</span> <span class='ocrx_word' id='word_1_900' title='bbox 1911 5207 1963 5260; x_wconf 92' lang='lat' dir='ltr'>quo</span> <span class='ocrx_word' id='word_1_901' title='bbox 1984 5201 2022 5246; x_wconf 89' lang='lat' dir='ltr'>est</span> <span class='ocrx_word' id='word_1_902' title='bbox 2042 5197 2048 5246; x_wconf 98' lang='grc'>1</span> <span class='ocrx_word' id='word_1_903' title='bbox 2071 5195 2154 5246; x_wconf 87' lang='grc'>4834</span> <span class='ocrx_word' id='word_1_904' title='bbox 2181 5195 2240 5248; x_wconf 85' lang='lat' dir='ltr'>Vide</span> <span class='ocrx_word' id='word_1_905' title='bbox 2258 5193 2287 5246; x_wconf 90' lang='lat' dir='ltr'>V.</span> <span class='ocrx_word' id='word_1_906' title='bbox 2300 5183 2348 5248; x_wconf 86' lang='lat' dir='ltr'>Ge·</span> 
     </span>
     <span class='ocr_line' id='line_1_53' title="bbox 361 5279 2348 5352; baseline 0.002 -20"><span class='ocrx_word' id='word_1_907' title='bbox 361 5279 421 5332; x_wconf 91' lang='lat' dir='ltr'>dine</span> <span class='ocrx_word' id='word_1_908' title='bbox 440 5285 465 5332; x_wconf 92' lang='lat' dir='ltr'>et</span> <span class='ocrx_word' id='word_1_909' title='bbox 484 5283 644 5332; x_wconf 83' lang='lat' dir='ltr'>connexione</span> <span class='ocrx_word' id='word_1_910' title='bbox 663 5287 689 5332; x_wconf 88' lang='grc'>44</span> <span class='ocrx_word' id='word_1_911' title='bbox 706 5283 870 5334; x_wconf 87' lang='lat' dir='ltr'>inclinatione</span> <span class='ocrx_word' id='word_1_912' title='bbox 890 5283 924 5334; x_wconf 91' lang='lat' dir='ltr'>ad</span> <span class='ocrx_word' id='word_1_913' title='bbox 944 5285 1001 5334; x_wconf 92' lang='lat' dir='ltr'>uni·</span> <span class='ocrx_word' id='word_1_914' title='bbox 1038 5283 1664 5348; x_wconf 65' lang='grc'>444414704445744441144543</span> <span class='ocrx_word' id='word_1_915' title='bbox 1710 5283 1814 5338; x_wconf 84' lang='lat' dir='ltr'>naratio</span> <span class='ocrx_word' id='word_1_916' title='bbox 1835 5279 1879 5348; x_wconf 85' lang='grc'>40,</span> <span class='ocrx_word' id='word_1_917' title='bbox 1906 5281 2050 5352; x_wconf 63' lang='grc'>1604444,</span> <span class='ocrx_word' id='word_1_918' title='bbox 2081 5283 2109 5336; x_wconf 90' lang='lat' dir='ltr'>V.</span> <span class='ocrx_word' id='word_1_919' title='bbox 2132 5281 2287 5348; x_wconf 84' lang='lat' dir='ltr'>Productio,</span> <span class='ocrx_word' id='word_1_920' title='bbox 2317 5283 2348 5336; x_wconf 91' lang='lat' dir='ltr'>V.</span> 
     </span>
     <span class='ocr_line' id='line_1_54' title="bbox 362 5367 2349 5440; baseline 0.002 -20"><span class='ocrx_word' id='word_1_921' title='bbox 362 5373 441 5420; x_wconf 90' lang='lat' dir='ltr'>tatem</span> <span class='ocrx_word' id='word_1_922' title='bbox 461 5369 483 5420; x_wconf 98' lang='lat' dir='ltr'>V</span> <span class='ocrx_word' id='word_1_923' title='bbox 504 5369 537 5420; x_wconf 90' lang='grc'>63</span> <span class='ocrx_word' id='word_1_924' title='bbox 559 5367 605 5420; x_wconf 87' lang='grc'>10*</span> <span class='ocrx_word' id='word_1_925' title='bbox 629 5371 738 5422; x_wconf 88' lang='lat' dir='ltr'>-sine</span> <span class='ocrx_word' id='word_1_926' title='bbox 764 5369 855 5422; x_wconf 88' lang='lat' dir='ltr'>ordine</span> <span class='ocrx_word' id='word_1_927' title='bbox 882 5373 1001 5424; x_wconf 90' lang='lat' dir='ltr'>contusio</span> <span class='ocrx_word' id='word_1_928' title='bbox 1092 5373 1358 5438; x_wconf 90' lang='lat' dir='ltr'>-Unumquodque</span> <span class='ocrx_word' id='word_1_929' title='bbox 1383 5373 1550 5438; x_wconf 90' lang='lat' dir='ltr'>distinguitur</span> <span class='ocrx_word' id='word_1_930' title='bbox 1574 5387 1622 5436; x_wconf 79' lang='lat' dir='ltr'>tier</span> <span class='ocrx_word' id='word_1_931' title='bbox 1644 5375 1673 5424; x_wconf 91' lang='lat' dir='ltr'>il·</span> <span class='ocrx_word' id='word_1_932' title='bbox 1710 5369 1878 5440; x_wconf 76' lang='grc'>1644444444</span> <span class='ocrx_word' id='word_1_933' title='bbox 1897 5377 1923 5424; x_wconf 86' lang='grc'>44</span> <span class='ocrx_word' id='word_1_934' title='bbox 1940 5369 2349 5436; x_wconf 69' lang='grc'>4*.11444761414644444444.</span> 
     </span>
     <span class='ocr_line' id='line_1_55' title="bbox 362 5455 2349 5528; baseline 0.002 -18"><span class='ocrx_word' id='word_1_935' title='bbox 362 5465 401 5510; x_wconf 86' lang='lat' dir='ltr'>est</span> <span class='ocrx_word' id='word_1_936' title='bbox 419 5457 443 5510; x_wconf 92' lang='lat' dir='ltr'>V</span> <span class='ocrx_word' id='word_1_937' title='bbox 463 5459 509 5508; x_wconf 89' lang='grc'>871</span> <span class='ocrx_word' id='word_1_938' title='bbox 529 5459 562 5510; x_wconf 89' lang='grc'>47</span> <span class='ocrx_word' id='word_1_939' title='bbox 581 5455 642 5512; x_wconf 82' lang='lat' dir='ltr'>Vide</span> <span class='ocrx_word' id='word_1_940' title='bbox 659 5459 688 5510; x_wconf 94' lang='lat' dir='ltr'>V.</span> <span class='ocrx_word' id='word_1_941' title='bbox 703 5457 852 5512; x_wconf 83' lang='lat' dir='ltr'>Pluroltius</span> <span class='ocrx_word' id='word_1_942' title='bbox 872 5459 897 5510; x_wconf 93' lang='lat' dir='ltr'>in</span> <span class='ocrx_word' id='word_1_943' title='bbox 916 5459 1002 5512; x_wconf 89' lang='lat' dir='ltr'>lndlce</span> <span class='ocrx_word' id='word_1_944' title='bbox 1038 5461 1082 5514; x_wconf 92' lang='lat' dir='ltr'>lud</span> <span class='ocrx_word' id='word_1_945' title='bbox 1103 5461 1173 5528; x_wconf 88' lang='lat' dir='ltr'>quod</span> <span class='ocrx_word' id='word_1_946' title='bbox 1192 5467 1244 5528; x_wconf 89' lang='lat' dir='ltr'>est,</span> <span class='ocrx_word' id='word_1_947' title='bbox 1264 5461 1340 5512; x_wconf 84' lang='lat' dir='ltr'>vela</span> <span class='ocrx_word' id='word_1_948' title='bbox 1361 5475 1414 5526; x_wconf 90' lang='lat' dir='ltr'>quo</span> <span class='ocrx_word' id='word_1_949' title='bbox 1433 5467 1472 5514; x_wconf 92' lang='lat' dir='ltr'>est</span> <span class='ocrx_word' id='word_1_950' title='bbox 1490 5463 1497 5512; x_wconf 97' lang='lat' dir='ltr'>l</span> <span class='ocrx_word' id='word_1_951' title='bbox 1516 5461 1569 5512; x_wconf 86' lang='grc'>736</span> <span class='ocrx_word' id='word_1_952' title='bbox 1588 5461 1674 5526; x_wconf 75' lang='lat' dir='ltr'>argi</span> <span class='ocrx_word' id='word_1_953' title='bbox 1763 5489 1800 5500; x_wconf 87' lang='lat'><em>-</em></span> <span class='ocrx_word' id='word_1_954' title='bbox 1819 5475 1869 5512; x_wconf 91' lang='lat' dir='ltr'>non</span> <span class='ocrx_word' id='word_1_955' title='bbox 1890 5473 2043 5524; x_wconf 80' lang='lat' dir='ltr'>repugnans</span> <span class='ocrx_word' id='word_1_956' title='bbox 2060 5461 2216 5526; x_wconf 87' lang='lat' dir='ltr'>simplicitati</span> <span class='ocrx_word' id='word_1_957' title='bbox 2239 5459 2296 5516; x_wconf 85' lang='lat' dir='ltr'>oidc</span> <span class='ocrx_word' id='word_1_958' title='bbox 2318 5461 2349 5514; x_wconf 92' lang='lat' dir='ltr'>V.</span> 
     </span>
     <span class='ocr_line' id='line_1_56' title="bbox 363 5547 2350 5618; baseline 0.002 -21"><span class='ocrx_word' id='word_1_959' title='bbox 363 5559 452 5612; x_wconf 89' lang='lat' dir='ltr'>gener.</span> <span class='ocrx_word' id='word_1_960' title='bbox 1091 5575 1128 5588; x_wconf 90' lang='lat'><em>-</em></span> <span class='ocrx_word' id='word_1_961' title='bbox 1145 5549 1220 5614; x_wconf 87' lang='lat' dir='ltr'>Quod</span> <span class='ocrx_word' id='word_1_962' title='bbox 1242 5551 1315 5614; x_wconf 88' lang='lat' dir='ltr'>prius</span> <span class='ocrx_word' id='word_1_963' title='bbox 1332 5561 1371 5600; x_wconf 89' lang='lat' dir='ltr'>est</span> <span class='ocrx_word' id='word_1_964' title='bbox 1391 5561 1442 5600; x_wconf 92' lang='lat' dir='ltr'>uon</span> <span class='ocrx_word' id='word_1_965' title='bbox 1461 5549 1629 5614; x_wconf 83' lang='lat' dir='ltr'>distinguitur</span> <span class='ocrx_word' id='word_1_966' title='bbox 1641 5563 1674 5602; x_wconf 92' lang='lat' dir='ltr'>eo</span> <span class='ocrx_word' id='word_1_967' title='bbox 1713 5549 1805 5618; x_wconf 79' lang='lat' dir='ltr'>Origo,</span> <span class='ocrx_word' id='word_1_968' title='bbox 1828 5549 1857 5600; x_wconf 92' lang='lat' dir='ltr'>V.</span> <span class='ocrx_word' id='word_1_969' title='bbox 1876 5547 2028 5602; x_wconf 84' lang='lat' dir='ltr'>Piuruit&#39;ios</span> <span class='ocrx_word' id='word_1_970' title='bbox 2047 5557 2070 5600; x_wconf 90' lang='lat' dir='ltr'>et</span> <span class='ocrx_word' id='word_1_971' title='bbox 2095 5549 2122 5602; x_wconf 89' lang='lat' dir='ltr'>V.</span> <span class='ocrx_word' id='word_1_972' title='bbox 2141 5549 2242 5604; x_wconf 81' lang='lat' dir='ltr'>Relatio</span> <span class='ocrx_word' id='word_1_973' title='bbox 2268 5551 2292 5600; x_wconf 94' lang='lat' dir='ltr'>in</span> <span class='ocrx_word' id='word_1_974' title='bbox 2313 5551 2350 5600; x_wconf 92' lang='lat' dir='ltr'>ln·</span> 
     </span>
     <span class='ocr_line' id='line_1_57' title="bbox 413 5635 1877 5702; baseline 0.003 -16"><span class='ocrx_word' id='word_1_975' title='bbox 413 5661 451 5672; x_wconf 88' lang='lat'><em>—</em></span> <span class='ocrx_word' id='word_1_976' title='bbox 470 5635 518 5688; x_wconf 90' lang='lat' dir='ltr'>Ubi</span> <span class='ocrx_word' id='word_1_977' title='bbox 537 5645 576 5686; x_wconf 89' lang='lat' dir='ltr'>est</span> <span class='ocrx_word' id='word_1_978' title='bbox 595 5651 656 5688; x_wconf 91' lang='lat' dir='ltr'>vera</span> <span class='ocrx_word' id='word_1_979' title='bbox 677 5635 816 5700; x_wconf 87' lang='lat' dir='ltr'>distinctio,</span> <span class='ocrx_word' id='word_1_980' title='bbox 830 5651 880 5688; x_wconf 90' lang='lat' dir='ltr'>non</span> <span class='ocrx_word' id='word_1_981' title='bbox 894 5646 1002 5690; x_wconf 83' lang='lat' dir='ltr'>estcon·</span> <span class='ocrx_word' id='word_1_982' title='bbox 1039 5639 1110 5702; x_wconf 92' lang='lat' dir='ltr'>quod</span> <span class='ocrx_word' id='word_1_983' title='bbox 1130 5643 1170 5690; x_wconf 91' lang='lat' dir='ltr'>est</span> <span class='ocrx_word' id='word_1_984' title='bbox 1189 5639 1318 5702; x_wconf 88' lang='lat' dir='ltr'>posterius</span> <span class='ocrx_word' id='word_1_985' title='bbox 1337 5639 1344 5690; x_wconf 98' lang='grc'>1</span> <span class='ocrx_word' id='word_1_986' title='bbox 1366 5635 1416 5690; x_wconf 89' lang='grc'>467</span> <span class='ocrx_word' id='word_1_987' title='bbox 1435 5651 1491 5702; x_wconf 82' lang='lat' dir='ltr'>arg.</span> <span class='ocrx_word' id='word_1_988' title='bbox 1514 5639 1520 5686; x_wconf 95' lang='lat' dir='ltr'>l</span> <span class='ocrx_word' id='word_1_989' title='bbox 1712 5641 1768 5692; x_wconf 91' lang='lat' dir='ltr'>dice</span> <span class='ocrx_word' id='word_1_990' title='bbox 1788 5651 1877 5702; x_wconf 87' lang='lat' dir='ltr'>gener.</span> 
     </span>
     <span class='ocr_line' id='line_1_58' title="bbox 362 5721 2350 5794; baseline 0.004 -22"><span class='ocrx_word' id='word_1_991' title='bbox 362 5723 429 5774; x_wconf 88' lang='lat' dir='ltr'>lusio</span> <span class='ocrx_word' id='word_1_992' title='bbox 450 5723 457 5774; x_wconf 96' lang='lat' dir='ltr'>l</span> <span class='ocrx_word' id='word_1_993' title='bbox 476 5721 510 5774; x_wconf 91' lang='grc'>56</span> <span class='ocrx_word' id='word_1_994' title='bbox 530 5723 547 5773; x_wconf 86' lang='lat' dir='ltr'>l.</span> <span class='ocrx_word' id='word_1_995' title='bbox 569 5725 591 5774; x_wconf 88' lang='lat' dir='ltr'>l.</span> <span class='ocrx_word' id='word_1_996' title='bbox 613 5723 688 5774; x_wconf 83' lang='grc'>1186</span> <span class='ocrx_word' id='word_1_997' title='bbox 708 5723 723 5774; x_wconf 91' lang='grc'>1.</span> <span class='ocrx_word' id='word_1_998' title='bbox 745 5723 761 5774; x_wconf 92' lang='grc'>7</span> <span class='ocrx_word' id='word_1_999' title='bbox 1091 5753 1126 5766; x_wconf 90' lang='lat'>·-</span> <span class='ocrx_word' id='word_1_1000' title='bbox 1144 5729 1186 5780; x_wconf 87' lang='lat' dir='ltr'>vel</span> <span class='ocrx_word' id='word_1_1001' title='bbox 1205 5735 1245 5780; x_wconf 90' lang='lat' dir='ltr'>est</span> <span class='ocrx_word' id='word_1_1002' title='bbox 1262 5741 1311 5792; x_wconf 89' lang='lat' dir='ltr'>per</span> <span class='ocrx_word' id='word_1_1003' title='bbox 1328 5727 1488 5792; x_wconf 88' lang='lat' dir='ltr'>qualitatem,</span> <span class='ocrx_word' id='word_1_1004' title='bbox 1502 5729 1545 5780; x_wconf 83' lang='lat' dir='ltr'>rei</span> <span class='ocrx_word' id='word_1_1005' title='bbox 1559 5741 1605 5788; x_wconf 89' lang='lat' dir='ltr'>per·</span> <span class='ocrx_word' id='word_1_1006' title='bbox 1624 5729 1675 5778; x_wconf 90' lang='lat' dir='ltr'>ori·</span> <span class='ocrx_word' id='word_1_1007' title='bbox 1764 5751 1801 5764; x_wconf 90' lang='lat'>—</span> <span class='ocrx_word' id='word_1_1008' title='bbox 1819 5727 1890 5792; x_wconf 90' lang='lat' dir='ltr'>Quae</span> <span class='ocrx_word' id='word_1_1009' title='bbox 1911 5735 1970 5780; x_wconf 92' lang='lat' dir='ltr'>sunt</span> <span class='ocrx_word' id='word_1_1010' title='bbox 1989 5741 2002 5778; x_wconf 90' lang='lat' dir='ltr'>a</span> <span class='ocrx_word' id='word_1_1011' title='bbox 2024 5729 2136 5780; x_wconf 84' lang='lat' dir='ltr'>diversis</span> <span class='ocrx_word' id='word_1_1012' title='bbox 2149 5729 2284 5794; x_wconf 86' lang='lat' dir='ltr'>principiis</span> <span class='ocrx_word' id='word_1_1013' title='bbox 2297 5741 2350 5780; x_wconf 90' lang='lat' dir='ltr'>rea·</span> 
     </span>
     <span class='ocr_line' id='line_1_59' title="bbox 413 5797 2349 5882; baseline 0.003 -18"><span class='ocrx_word' id='word_1_1014' title='bbox 413 5837 450 5848; x_wconf 88' lang='lat'>-</span> <span class='ocrx_word' id='word_1_1015' title='bbox 467 5817 507 5864; x_wconf 87' lang='lat' dir='ltr'>est</span> <span class='ocrx_word' id='word_1_1016' title='bbox 520 5825 567 5874; x_wconf 88' lang='lat' dir='ltr'>per</span> <span class='ocrx_word' id='word_1_1017' title='bbox 580 5813 764 5876; x_wconf 84' lang='lat' dir='ltr'>proprietatem</span> <span class='ocrx_word' id='word_1_1018' title='bbox 784 5812 792 5861; x_wconf 94' lang='lat' dir='ltr'>l</span> <span class='ocrx_word' id='word_1_1019' title='bbox 809 5811 857 5862; x_wconf 91' lang='grc'>167</span> <span class='ocrx_word' id='word_1_1020' title='bbox 872 5813 897 5864; x_wconf 88' lang='grc'>6.</span> <span class='ocrx_word' id='word_1_1021' title='bbox 914 5812 1002 5864; x_wconf 88' lang='lat' dir='ltr'>t.tl0</span> <span class='ocrx_word' id='word_1_1022' title='bbox 1039 5797 1675 5882; x_wconf 79' lang='lat' dir='ltr'>ginem1587b—Quaecumquedlstinguun·</span> <span class='ocrx_word' id='word_1_1023' title='bbox 1712 5817 1767 5866; x_wconf 86' lang='lat' dir='ltr'>liter</span> <span class='ocrx_word' id='word_1_1024' title='bbox 1787 5815 1907 5866; x_wconf 80' lang='lat' dir='ltr'>differunt</span> <span class='ocrx_word' id='word_1_1025' title='bbox 1933 5817 1938 5866; x_wconf 96' lang='lat' dir='ltr'>l</span> <span class='ocrx_word' id='word_1_1026' title='bbox 1960 5813 2010 5868; x_wconf 87' lang='grc'>736</span> <span class='ocrx_word' id='word_1_1027' title='bbox 2038 5817 2054 5866; x_wconf 88' lang='grc'>1.</span> <span class='ocrx_word' id='word_1_1028' title='bbox 2081 5817 2097 5868; x_wconf 87' lang='grc'>7</span> <span class='ocrx_word' id='word_1_1029' title='bbox 2123 5815 2187 5870; x_wconf 80' lang='lat' dir='ltr'>Vide</span> <span class='ocrx_word' id='word_1_1030' title='bbox 2210 5819 2239 5868; x_wconf 91' lang='lat' dir='ltr'>V.</span> <span class='ocrx_word' id='word_1_1031' title='bbox 2258 5813 2349 5870; x_wconf 82' lang='grc'>04444444</span> 
     </span>
     <span class='ocr_line' id='line_1_60' title="bbox 362 5897 2349 5972; baseline 0.001 -18"><span class='ocrx_word' id='word_1_1032' title='bbox 362 5899 390 5954; x_wconf 90' lang='lat' dir='ltr'>b.</span> <span class='ocrx_word' id='word_1_1033' title='bbox 403 5897 492 5950; x_wconf 87' lang='grc'>4474.</span> <span class='ocrx_word' id='word_1_1034' title='bbox 507 5897 556 5950; x_wconf 83' lang='grc'>477</span> <span class='ocrx_word' id='word_1_1035' title='bbox 572 5897 597 5952; x_wconf 90' lang='lat' dir='ltr'>h.</span> <span class='ocrx_word' id='word_1_1036' title='bbox 613 5899 662 5952; x_wconf 86' lang='grc'>457</span> <span class='ocrx_word' id='word_1_1037' title='bbox 676 5915 699 5952; x_wconf 87' lang='grc'>4.</span> <span class='ocrx_word' id='word_1_1038' title='bbox 713 5899 765 5952; x_wconf 89' lang='grc'>606</span> <span class='ocrx_word' id='word_1_1039' title='bbox 778 5899 869 5962; x_wconf 80' lang='lat' dir='ltr'>arg-3.</span> <span class='ocrx_word' id='word_1_1040' title='bbox 884 5899 965 5950; x_wconf 84' lang='grc'>7774.</span> <span class='ocrx_word' id='word_1_1041' title='bbox 977 5903 1002 5952; x_wconf 89' lang='grc'>3.</span> <span class='ocrx_word' id='word_1_1042' title='bbox 1039 5909 1080 5954; x_wconf 91' lang='lat' dir='ltr'>tur</span> <span class='ocrx_word' id='word_1_1043' title='bbox 1099 5903 1201 5954; x_wconf 85' lang='lat' dir='ltr'>realiter</span> <span class='ocrx_word' id='word_1_1044' title='bbox 1220 5909 1264 5954; x_wconf 88' lang='grc'>444</span> <span class='ocrx_word' id='word_1_1045' title='bbox 1284 5903 1481 5966; x_wconf 87' lang='lat' dir='ltr'>distinguuntur</span> <span class='ocrx_word' id='word_1_1046' title='bbox 1499 5905 1609 5968; x_wconf 88' lang='lat' dir='ltr'>origine,</span> <span class='ocrx_word' id='word_1_1047' title='bbox 1630 5911 1676 5958; x_wconf 90' lang='lat' dir='ltr'>aut</span> <span class='ocrx_word' id='word_1_1048' title='bbox 1712 5899 1790 5968; x_wconf 76' lang='lat'>(425</span> <span class='ocrx_word' id='word_1_1049' title='bbox 1810 5909 1846 5966; x_wconf 80' lang='lat' dir='ltr'>a).</span> <span class='ocrx_word' id='word_1_1050' title='bbox 1865 5933 1899 5942; x_wconf 84' lang='lat'>-</span> <span class='ocrx_word' id='word_1_1051' title='bbox 1924 5903 2036 5958; x_wconf 85' lang='lat' dir='ltr'>Omnino</span> <span class='ocrx_word' id='word_1_1052' title='bbox 2063 5903 2168 5958; x_wconf 84' lang='lat' dir='ltr'>diversa</span> <span class='ocrx_word' id='word_1_1053' title='bbox 2195 5911 2256 5958; x_wconf 92' lang='lat' dir='ltr'>sunt</span> <span class='ocrx_word' id='word_1_1054' title='bbox 2282 5921 2349 5972; x_wconf 90' lang='lat' dir='ltr'>quae</span> 
     </span>
     <span class='ocr_line' id='line_1_61' title="bbox 362 5987 2349 6058; baseline 0.004 -20"><span class='ocrx_word' id='word_1_1055' title='bbox 362 5987 385 6038; x_wconf 93' lang='lat' dir='ltr'>V</span> <span class='ocrx_word' id='word_1_1056' title='bbox 404 5987 456 6040; x_wconf 90' lang='grc'>713</span> <span class='ocrx_word' id='word_1_1057' title='bbox 476 6003 501 6038; x_wconf 89' lang='lat' dir='ltr'>a.</span> <span class='ocrx_word' id='word_1_1058' title='bbox 518 5987 599 6040; x_wconf 89' lang='grc'>3863</span> <span class='ocrx_word' id='word_1_1059' title='bbox 615 6017 648 6026; x_wconf 89' lang='lat'>-</span> <span class='ocrx_word' id='word_1_1060' title='bbox 663 5989 809 6052; x_wconf 79' lang='lat' dir='ltr'>Proprietas</span> <span class='ocrx_word' id='word_1_1061' title='bbox 828 5987 962 6052; x_wconf 87' lang='lat' dir='ltr'>distinguit</span> <span class='ocrx_word' id='word_1_1062' title='bbox 975 5987 1002 6038; x_wconf 92' lang='lat' dir='ltr'>il·</span> <span class='ocrx_word' id='word_1_1063' title='bbox 1038 5991 1160 6056; x_wconf 87' lang='lat' dir='ltr'>qualitate</span> <span class='ocrx_word' id='word_1_1064' title='bbox 1181 5991 1201 6044; x_wconf 96' lang='lat' dir='ltr'>V</span> <span class='ocrx_word' id='word_1_1065' title='bbox 1223 5991 1254 6042; x_wconf 89' lang='grc'>13</span> <span class='ocrx_word' id='word_1_1066' title='bbox 1275 5993 1291 6040; x_wconf 89' lang='grc'>1.</span> <span class='ocrx_word' id='word_1_1067' title='bbox 1311 5991 1326 6040; x_wconf 91' lang='grc'>9</span> <span class='ocrx_word' id='word_1_1068' title='bbox 1346 5999 1433 6044; x_wconf 83' lang='lat' dir='ltr'>-est</span> <span class='ocrx_word' id='word_1_1069' title='bbox 1446 5991 1674 6058; x_wconf 88' lang='lat' dir='ltr'>peradditlonem,</span> <span class='ocrx_word' id='word_1_1070' title='bbox 1713 6005 1762 6046; x_wconf 92' lang='grc'>444</span> <span class='ocrx_word' id='word_1_1071' title='bbox 1784 5999 1892 6058; x_wconf 88' lang='grc'>4444444</span> <span class='ocrx_word' id='word_1_1072' title='bbox 1913 5993 2001 6044; x_wconf 86' lang='lat' dir='ltr'>reduci</span> <span class='ocrx_word' id='word_1_1073' title='bbox 2027 5995 2061 6046; x_wconf 87' lang='lat' dir='ltr'>ad</span> <span class='ocrx_word' id='word_1_1074' title='bbox 2086 6009 2168 6046; x_wconf 91' lang='lat' dir='ltr'>unum</span> <span class='ocrx_word' id='word_1_1075' title='bbox 2192 5995 2349 6058; x_wconf 88' lang='lat' dir='ltr'>principium</span> 
     </span>
     <span class='ocr_line' id='line_1_62' title="bbox 362 6077 1852 6152; baseline 0.002 -24"><span class='ocrx_word' id='word_1_1076' title='bbox 362 6077 415 6140; x_wconf 93' lang='lat' dir='ltr'>lud,</span> <span class='ocrx_word' id='word_1_1077' title='bbox 431 6079 456 6128; x_wconf 91' lang='lat' dir='ltr'>iu</span> <span class='ocrx_word' id='word_1_1078' title='bbox 470 6091 522 6142; x_wconf 92' lang='lat' dir='ltr'>quo</span> <span class='ocrx_word' id='word_1_1079' title='bbox 536 6083 576 6128; x_wconf 91' lang='lat' dir='ltr'>est</span> <span class='ocrx_word' id='word_1_1080' title='bbox 588 6077 611 6128; x_wconf 93' lang='lat' dir='ltr'>V</span> <span class='ocrx_word' id='word_1_1081' title='bbox 625 6077 659 6130; x_wconf 92' lang='grc'>74</span> <span class='ocrx_word' id='word_1_1082' title='bbox 680 6093 735 6142; x_wconf 86' lang='lat' dir='ltr'>arg.</span> <span class='ocrx_word' id='word_1_1083' title='bbox 751 6077 781 6128; x_wconf 88' lang='grc'>43</span> <span class='ocrx_word' id='word_1_1084' title='bbox 795 6077 921 6142; x_wconf 88' lang='lat' dir='ltr'>-Quod</span> <span class='ocrx_word' id='word_1_1085' title='bbox 940 6077 1000 6128; x_wconf 91' lang='lat' dir='ltr'>nibil</span> <span class='ocrx_word' id='word_1_1086' title='bbox 1040 6077 1079 6130; x_wconf 88' lang='lat' dir='ltr'>vel</span> <span class='ocrx_word' id='word_1_1087' title='bbox 1099 6079 1185 6130; x_wconf 89' lang='lat' dir='ltr'>solum</span> <span class='ocrx_word' id='word_1_1088' title='bbox 1203 6093 1252 6142; x_wconf 87' lang='lat' dir='ltr'>per</span> <span class='ocrx_word' id='word_1_1089' title='bbox 1271 6081 1399 6144; x_wconf 85' lang='lat' dir='ltr'>originem</span> <span class='ocrx_word' id='word_1_1090' title='bbox 1421 6081 1428 6130; x_wconf 99' lang='grc'>1</span> <span class='ocrx_word' id='word_1_1091' title='bbox 1448 6079 1499 6132; x_wconf 90' lang='grc'>477</span> <span class='ocrx_word' id='word_1_1092' title='bbox 1523 6079 1560 6132; x_wconf 88' lang='grc'>4*.</span> <span class='ocrx_word' id='word_1_1093' title='bbox 1580 6081 1630 6134; x_wconf 88' lang='grc'>440</span> <span class='ocrx_word' id='word_1_1094' title='bbox 1650 6095 1674 6134; x_wconf 86' lang='grc'>4.</span> <span class='ocrx_word' id='word_1_1095' title='bbox 1697 6083 1731 6152; x_wconf 46' lang='grc' dir='ltr'>Χ11</span> <span class='ocrx_word' id='word_1_1096' title='bbox 1751 6079 1801 6132; x_wconf 84' lang='grc'>873</span> <span class='ocrx_word' id='word_1_1097' title='bbox 1822 6079 1852 6132; x_wconf 88' lang='grc'>3*</span> 
     </span>
     <span class='ocr_line' id='line_1_63' title="bbox 362 6163 2351 6236; baseline 0.002 -18"><span class='ocrx_word' id='word_1_1098' title='bbox 362 6165 441 6218; x_wconf 86' lang='lat' dir='ltr'>babet</span> <span class='ocrx_word' id='word_1_1099' title='bbox 453 6167 591 6230; x_wconf 91' lang='lat' dir='ltr'>proprium</span> <span class='ocrx_word' id='word_1_1100' title='bbox 605 6181 656 6218; x_wconf 90' lang='lat' dir='ltr'>uon</span> <span class='ocrx_word' id='word_1_1101' title='bbox 671 6167 838 6230; x_wconf 88' lang='lat' dir='ltr'>distinguitur</span> <span class='ocrx_word' id='word_1_1102' title='bbox 850 6163 884 6218; x_wconf 83' lang='lat' dir='ltr'>id.</span> <span class='ocrx_word' id='word_1_1103' title='bbox 897 6179 954 6230; x_wconf 90' lang='lat' dir='ltr'>arg.</span> <span class='ocrx_word' id='word_1_1104' title='bbox 968 6167 978 6216; x_wconf 95' lang='lat' dir='ltr'>l</span> <span class='ocrx_word' id='word_1_1105' title='bbox 989 6167 997 6216; x_wconf 96' lang='lat' dir='ltr'>t</span> <span class='ocrx_word' id='word_1_1106' title='bbox 1039 6167 1062 6218; x_wconf 96' lang='lat' dir='ltr'>V</span> <span class='ocrx_word' id='word_1_1107' title='bbox 1081 6167 1115 6218; x_wconf 93' lang='grc'>66</span> <span class='ocrx_word' id='word_1_1108' title='bbox 1135 6165 1173 6218; x_wconf 86' lang='grc'>6*.</span> <span class='ocrx_word' id='word_1_1109' title='bbox 1190 6165 1220 6218; x_wconf 91' lang='grc'>74</span> <span class='ocrx_word' id='word_1_1110' title='bbox 1246 6165 1280 6218; x_wconf 87' lang='grc'>7*.</span> <span class='ocrx_word' id='word_1_1111' title='bbox 1301 6167 1333 6218; x_wconf 92' lang='grc'>76</span> <span class='ocrx_word' id='word_1_1112' title='bbox 1356 6167 1392 6220; x_wconf 91' lang='grc'>7*.</span> <span class='ocrx_word' id='word_1_1113' title='bbox 1412 6167 1446 6220; x_wconf 94' lang='grc'>77</span> <span class='ocrx_word' id='word_1_1114' title='bbox 1466 6167 1495 6218; x_wconf 87' lang='grc'>8*</span> <span class='ocrx_word' id='word_1_1115' title='bbox 1511 6197 1549 6208; x_wconf 89' lang='grc'>-</span> <span class='ocrx_word' id='word_1_1116' title='bbox 1571 6171 1675 6236; x_wconf 86' lang='lat' dir='ltr'>liliquid</span> <span class='ocrx_word' id='word_1_1117' title='bbox 1764 6197 1801 6210; x_wconf 84' lang='lat'>-··</span> <span class='ocrx_word' id='word_1_1118' title='bbox 1818 6173 2014 6236; x_wconf 89' lang='lat' dir='ltr'>suppositorum</span> <span class='ocrx_word' id='word_1_1119' title='bbox 2036 6177 2073 6222; x_wconf 91' lang='lat' dir='ltr'>est</span> <span class='ocrx_word' id='word_1_1120' title='bbox 2093 6171 2126 6224; x_wconf 92' lang='lat' dir='ltr'>ab</span> <span class='ocrx_word' id='word_1_1121' title='bbox 2145 6173 2263 6236; x_wconf 88' lang='lat' dir='ltr'>originali</span> <span class='ocrx_word' id='word_1_1122' title='bbox 2279 6171 2351 6236; x_wconf 90' lang='lat' dir='ltr'>prin·</span> 
     </span>
     <span class='ocr_line' id='line_1_64' title="bbox 361 6253 2351 6332; baseline 0.003 -28"><span class='ocrx_word' id='word_1_1123' title='bbox 361 6253 1000 6318; x_wconf 80' lang='grc'>-444441414444444444444444444444-</span> <span class='ocrx_word' id='word_1_1124' title='bbox 1038 6257 1205 6320; x_wconf 86' lang='lat' dir='ltr'>distinguitur</span> <span class='ocrx_word' id='word_1_1125' title='bbox 1223 6257 1325 6320; x_wconf 88' lang='lat' dir='ltr'>origine</span> <span class='ocrx_word' id='word_1_1126' title='bbox 1350 6263 1463 6332; x_wconf 83' lang='lat' dir='ltr'>tantum,</span> <span class='ocrx_word' id='word_1_1127' title='bbox 1487 6259 1527 6310; x_wconf 90' lang='lat' dir='ltr'>vei</span> <span class='ocrx_word' id='word_1_1128' title='bbox 1553 6261 1675 6326; x_wconf 90' lang='lat' dir='ltr'>qualitate</span> <span class='ocrx_word' id='word_1_1129' title='bbox 1712 6261 1781 6324; x_wconf 88' lang='lat' dir='ltr'>cipio</span> <span class='ocrx_word' id='word_1_1130' title='bbox 1802 6259 1970 6312; x_wconf 87' lang='grc'>13586-</span> <span class='ocrx_word' id='word_1_1131' title='bbox 1997 6261 2123 6326; x_wconf 90' lang='lat' dir='ltr'>suppositi</span> <span class='ocrx_word' id='word_1_1132' title='bbox 2144 6259 2351 6324; x_wconf 83' lang='grc'>4441444464-</span> 
     </span>
     <span class='ocr_line' id='line_1_65' title="bbox 362 6341 2350 6414; baseline 0.002 -18"><span class='ocrx_word' id='word_1_1133' title='bbox 362 6341 437 6396; x_wconf 84' lang='grc'>446414</span> <span class='ocrx_word' id='word_1_1134' title='bbox 466 6341 474 6392; x_wconf 98' lang='grc'>1</span> <span class='ocrx_word' id='word_1_1135' title='bbox 504 6343 554 6394; x_wconf 89' lang='grc'>358</span> <span class='ocrx_word' id='word_1_1136' title='bbox 584 6343 600 6394; x_wconf 94' lang='grc'>6</span> <span class='ocrx_word' id='word_1_1137' title='bbox 635 6343 696 6398; x_wconf 85' lang='lat' dir='ltr'>Vide</span> <span class='ocrx_word' id='word_1_1138' title='bbox 728 6343 757 6396; x_wconf 95' lang='lat' dir='ltr'>V.</span> <span class='ocrx_word' id='word_1_1139' title='bbox 776 6343 956 6410; x_wconf 66' lang='lat' dir='ltr'>proprietates</span> <span class='ocrx_word' id='word_1_1140' title='bbox 975 6347 1000 6396; x_wconf 89' lang='lat' dir='ltr'>ln</span> <span class='ocrx_word' id='word_1_1141' title='bbox 1037 6344 1675 6414; x_wconf 62' lang='grc'>44444444414444444444446444464417756</span> <span class='ocrx_word' id='word_1_1142' title='bbox 1712 6347 1787 6414; x_wconf 88' lang='lat' dir='ltr'>ciplls</span> <span class='ocrx_word' id='word_1_1143' title='bbox 1805 6347 1975 6412; x_wconf 89' lang='lat' dir='ltr'>originalibus</span> <span class='ocrx_word' id='word_1_1144' title='bbox 2003 6349 2093 6398; x_wconf 88' lang='grc'>11410</span> <span class='ocrx_word' id='word_1_1145' title='bbox 2120 6363 2132 6400; x_wconf 90' lang='lat' dir='ltr'>a</span> <span class='ocrx_word' id='word_1_1146' title='bbox 2156 6347 2219 6402; x_wconf 85' lang='lat' dir='ltr'>Vide</span> <span class='ocrx_word' id='word_1_1147' title='bbox 2242 6347 2270 6398; x_wconf 90' lang='lat' dir='ltr'>V.</span> <span class='ocrx_word' id='word_1_1148' title='bbox 2291 6347 2350 6404; x_wconf 87' lang='lat' dir='ltr'>Nu-</span> 
     </span>
     <span class='ocr_line' id='line_1_66' title="bbox 362 6431 2348 6504; baseline 0.003 -22"><span class='ocrx_word' id='word_1_1149' title='bbox 362 6431 447 6484; x_wconf 88' lang='grc'>146444</span> <span class='ocrx_word' id='word_1_1150' title='bbox 460 6431 693 6494; x_wconf 75' lang='lat' dir='ltr'>gener-onae</span> <span class='ocrx_word' id='word_1_1151' title='bbox 712 6431 827 6494; x_wconf 91' lang='lat' dir='ltr'>illud,iu</span> <span class='ocrx_word' id='word_1_1152' title='bbox 842 6445 895 6498; x_wconf 91' lang='lat' dir='ltr'>quo</span> <span class='ocrx_word' id='word_1_1153' title='bbox 914 6433 1001 6500; x_wconf 89' lang='lat' dir='ltr'>aliqua</span> <span class='ocrx_word' id='word_1_1154' title='bbox 1089 6447 1191 6498; x_wconf 88' lang='lat' dir='ltr'>—per</span> <span class='ocrx_word' id='word_1_1155' title='bbox 1204 6433 1353 6500; x_wconf 91' lang='lat' dir='ltr'>qualitatem</span> <span class='ocrx_word' id='word_1_1156' title='bbox 1368 6435 1469 6500; x_wconf 90' lang='lat' dir='ltr'>dicitur,</span> <span class='ocrx_word' id='word_1_1157' title='bbox 1484 6435 1589 6502; x_wconf 89' lang='lat' dir='ltr'>quando</span> <span class='ocrx_word' id='word_1_1158' title='bbox 1608 6449 1676 6488; x_wconf 90' lang='grc'>4444</span> <span class='ocrx_word' id='word_1_1159' title='bbox 1711 6437 1952 6490; x_wconf 86' lang='grc'>44444444146444</span> <span class='ocrx_word' id='word_1_1160' title='bbox 1973 6449 2061 6500; x_wconf 89' lang='lat' dir='ltr'>gener.</span> <span class='ocrx_word' id='word_1_1161' title='bbox 2081 6437 2348 6504; x_wconf 83' lang='lat' dir='ltr'>-persouaiisnon</span> 
     </span>
     <span class='ocr_line' id='line_1_67' title="bbox 362 6519 2349 6590; baseline 0.003 -20"><span class='ocrx_word' id='word_1_1162' title='bbox 362 6519 415 6570; x_wconf 92' lang='lat' dir='ltr'>duo</span> <span class='ocrx_word' id='word_1_1163' title='bbox 437 6521 582 6572; x_wconf 88' lang='lat' dir='ltr'>necessario</span> <span class='ocrx_word' id='word_1_1164' title='bbox 602 6521 806 6584; x_wconf 89' lang='lat' dir='ltr'>distinguuntur,</span> <span class='ocrx_word' id='word_1_1165' title='bbox 820 6521 840 6570; x_wconf 92' lang='lat' dir='ltr'>si</span> <span class='ocrx_word' id='word_1_1166' title='bbox 854 6523 1002 6574; x_wconf 84' lang='lat' dir='ltr'>necessario</span> <span class='ocrx_word' id='word_1_1167' title='bbox 1039 6523 1206 6588; x_wconf 90' lang='lat' dir='ltr'>distinguitur</span> <span class='ocrx_word' id='word_1_1168' title='bbox 1225 6521 1258 6572; x_wconf 91' lang='lat' dir='ltr'>ab</span> <span class='ocrx_word' id='word_1_1169' title='bbox 1277 6521 1326 6574; x_wconf 90' lang='lat' dir='ltr'>alio</span> <span class='ocrx_word' id='word_1_1170' title='bbox 1346 6537 1392 6586; x_wconf 91' lang='lat' dir='ltr'>per</span> <span class='ocrx_word' id='word_1_1171' title='bbox 1412 6527 1583 6590; x_wconf 88' lang='lat' dir='ltr'>proprietates</span> <span class='ocrx_word' id='word_1_1172' title='bbox 1602 6523 1676 6576; x_wconf 88' lang='lat' dir='ltr'>abso·</span> <span class='ocrx_word' id='word_1_1173' title='bbox 1712 6533 1750 6578; x_wconf 89' lang='lat' dir='ltr'>est</span> <span class='ocrx_word' id='word_1_1174' title='bbox 1770 6525 1945 6590; x_wconf 88' lang='lat' dir='ltr'>principaliter</span> <span class='ocrx_word' id='word_1_1175' title='bbox 1965 6539 2012 6590; x_wconf 92' lang='lat' dir='ltr'>per</span> <span class='ocrx_word' id='word_1_1176' title='bbox 2032 6527 2170 6590; x_wconf 89' lang='lat' dir='ltr'>originem,</span> <span class='ocrx_word' id='word_1_1177' title='bbox 2186 6527 2232 6578; x_wconf 90' lang='lat' dir='ltr'>sed</span> <span class='ocrx_word' id='word_1_1178' title='bbox 2251 6527 2349 6590; x_wconf 86' lang='lat' dir='ltr'>aprio·</span> 
     </span>
     <span class='ocr_line' id='line_1_68' title="bbox 362 6609 2349 6678; baseline 0.004 -20"><span class='ocrx_word' id='word_1_1179' title='bbox 362 6609 484 6658; x_wconf 89' lang='lat' dir='ltr'>convenlt</span> <span class='ocrx_word' id='word_1_1180' title='bbox 504 6611 557 6674; x_wconf 88' lang='grc'>444,</span> <span class='ocrx_word' id='word_1_1181' title='bbox 574 6609 1002 6674; x_wconf 83' lang='lat' dir='ltr'>impossibilaasr,unquamcon·</span> <span class='ocrx_word' id='word_1_1182' title='bbox 1038 6611 1105 6664; x_wconf 88' lang='lat' dir='ltr'>lotas</span> <span class='ocrx_word' id='word_1_1183' title='bbox 1125 6611 1202 6664; x_wconf 89' lang='grc'>1687</span> <span class='ocrx_word' id='word_1_1184' title='bbox 1226 6611 1299 6662; x_wconf 89' lang='grc'>6-</span> <span class='ocrx_word' id='word_1_1185' title='bbox 1323 6609 1462 6666; x_wconf 82' lang='lat' dir='ltr'>Diversitas</span> <span class='ocrx_word' id='word_1_1186' title='bbox 1489 6627 1518 6664; x_wconf 81' lang='lat' dir='ltr'>ex</span> <span class='ocrx_word' id='word_1_1187' title='bbox 1545 6613 1674 6666; x_wconf 88' lang='lat' dir='ltr'>additione</span> <span class='ocrx_word' id='word_1_1188' title='bbox 1712 6613 1787 6678; x_wconf 87' lang='lat' dir='ltr'>clpiis</span> <span class='ocrx_word' id='word_1_1189' title='bbox 1806 6613 2021 6666; x_wconf 89' lang='lat' dir='ltr'>constituentibus</span> <span class='ocrx_word' id='word_1_1190' title='bbox 2047 6620 2071 6666; x_wconf 90' lang='lat' dir='ltr'>et</span> <span class='ocrx_word' id='word_1_1191' title='bbox 2091 6613 2305 6678; x_wconf 86' lang='lat' dir='ltr'>particttlantibus</span> <span class='ocrx_word' id='word_1_1192' title='bbox 2330 6615 2349 6664; x_wconf 90' lang='lat' dir='ltr'>ll</span> 
     </span>
     <span class='ocr_line' id='line_1_69' title="bbox 363 6697 2350 6768; baseline 0.004 -22"><span class='ocrx_word' id='word_1_1193' title='bbox 363 6697 452 6748; x_wconf 86' lang='lat' dir='ltr'>venire</span> <span class='ocrx_word' id='word_1_1194' title='bbox 470 6697 540 6748; x_wconf 91' lang='lat' dir='ltr'>allii</span> <span class='ocrx_word' id='word_1_1195' title='bbox 564 6697 611 6748; x_wconf 88' lang='grc'>133</span> <span class='ocrx_word' id='word_1_1196' title='bbox 632 6699 648 6748; x_wconf 92' lang='grc'>4.</span> <span class='ocrx_word' id='word_1_1197' title='bbox 668 6697 886 6750; x_wconf 87' lang='lat' dir='ltr'>3-Termlnus</span> <span class='ocrx_word' id='word_1_1198' title='bbox 905 6699 1003 6752; x_wconf 87' lang='lat' dir='ltr'>discre-</span> <span class='ocrx_word' id='word_1_1199' title='bbox 1037 6709 1077 6752; x_wconf 89' lang='grc'>444</span> <span class='ocrx_word' id='word_1_1200' title='bbox 1094 6701 1122 6752; x_wconf 87' lang='grc'>44</span> <span class='ocrx_word' id='word_1_1201' title='bbox 1141 6699 1344 6764; x_wconf 89' lang='lat' dir='ltr'>proprietatibus</span> <span class='ocrx_word' id='word_1_1202' title='bbox 1364 6699 1578 6754; x_wconf 88' lang='grc'>4644144441166</span> <span class='ocrx_word' id='word_1_1203' title='bbox 1599 6701 1677 6754; x_wconf 86' lang='grc'>7*-</span> <span class='ocrx_word' id='word_1_1204' title='bbox 1717 6699 1764 6752; x_wconf 90' lang='grc'>104</span> <span class='ocrx_word' id='word_1_1205' title='bbox 1784 6701 2350 6768; x_wconf 83' lang='grc' dir='ltr'>4*-146144644ῑ444444444444411414-</span> 
     </span>
     <span class='ocr_line' id='line_1_70' title="bbox 362 6785 2349 6856; baseline 0.003 -20"><span class='ocrx_word' id='word_1_1206' title='bbox 362 6791 403 6838; x_wconf 92' lang='lat' dir='ltr'>tus</span> <span class='ocrx_word' id='word_1_1207' title='bbox 421 6785 483 6838; x_wconf 89' lang='lat' dir='ltr'>dicit</span> <span class='ocrx_word' id='word_1_1208' title='bbox 503 6789 612 6838; x_wconf 90' lang='lat' dir='ltr'>lormam</span> <span class='ocrx_word' id='word_1_1209' title='bbox 633 6785 905 6838; x_wconf 91' lang='lat' dir='ltr'>incommunicabilem</span> <span class='ocrx_word' id='word_1_1210' title='bbox 926 6787 933 6836; x_wconf 97' lang='grc'>1</span> <span class='ocrx_word' id='word_1_1211' title='bbox 951 6787 1000 6838; x_wconf 91' lang='grc'>403</span> <span class='ocrx_word' id='word_1_1212' title='bbox 1038 6791 1064 6840; x_wconf 89' lang='grc'>44</span> <span class='ocrx_word' id='word_1_1213' title='bbox 1083 6791 1208 6842; x_wconf 90' lang='lat' dir='ltr'>creaturis</span> <span class='ocrx_word' id='word_1_1214' title='bbox 1221 6793 1260 6842; x_wconf 91' lang='lat' dir='ltr'>esi</span> <span class='ocrx_word' id='word_1_1215' title='bbox 1272 6801 1320 6852; x_wconf 89' lang='lat' dir='ltr'>per</span> <span class='ocrx_word' id='word_1_1216' title='bbox 1332 6788 1441 6842; x_wconf 88' lang='lat' dir='ltr'>alicuius</span> <span class='ocrx_word' id='word_1_1217' title='bbox 1454 6791 1620 6854; x_wconf 89' lang='lat' dir='ltr'>proprietatis</span> <span class='ocrx_word' id='word_1_1218' title='bbox 1633 6791 1675 6842; x_wconf 87' lang='lat' dir='ltr'>vel</span> <span class='ocrx_word' id='word_1_1219' title='bbox 1713 6791 1836 6854; x_wconf 88' lang='lat' dir='ltr'>trinsecis,</span> <span class='ocrx_word' id='word_1_1220' title='bbox 1847 6791 1993 6842; x_wconf 86' lang='lat' dir='ltr'>secuudum</span> <span class='ocrx_word' id='word_1_1221' title='bbox 2006 6791 2079 6856; x_wconf 89' lang='lat' dir='ltr'>quod</span> <span class='ocrx_word' id='word_1_1222' title='bbox 2094 6805 2175 6842; x_wconf 93' lang='lat' dir='ltr'>unum</span> <span class='ocrx_word' id='word_1_1223' title='bbox 2189 6791 2349 6842; x_wconf 89' lang='lat' dir='ltr'>constituunt</span> 
     </span>
     <span class='ocr_line' id='line_1_71' title="bbox 362 6871 2036 6944; baseline 0.003 -18"><span class='ocrx_word' id='word_1_1224' title='bbox 362 6873 435 6926; x_wconf 76' lang='grc'>14111</span> <span class='ocrx_word' id='word_1_1225' title='bbox 458 6871 507 6926; x_wconf 90' lang='grc'>177</span> <span class='ocrx_word' id='word_1_1226' title='bbox 527 6873 558 6926; x_wconf 87' lang='grc'>7*</span> <span class='ocrx_word' id='word_1_1227' title='bbox 1037 6875 1166 6944; x_wconf 90' lang='lat' dir='ltr'>qualitatis</span> <span class='ocrx_word' id='word_1_1228' title='bbox 1186 6875 1421 6942; x_wconf 87' lang='grc'>44444144444444</span> <span class='ocrx_word' id='word_1_1229' title='bbox 1443 6893 1491 6944; x_wconf 90' lang='lat' dir='ltr'>per</span> <span class='ocrx_word' id='word_1_1230' title='bbox 1514 6879 1674 6932; x_wconf 87' lang='lat' dir='ltr'>additionem</span> <span class='ocrx_word' id='word_1_1231' title='bbox 1712 6881 1878 6944; x_wconf 88' lang='lat' dir='ltr'>suppositum</span> <span class='ocrx_word' id='word_1_1232' title='bbox 1899 6881 1994 6932; x_wconf 89' lang='grc'>111731</span> <span class='ocrx_word' id='word_1_1233' title='bbox 2018 6879 2036 6932; x_wconf 91' lang='grc'>6</span> 
     </span>
    </p>
   </div>
   <div class='ocr_carea' id='block_1_2' title="bbox 0 0 2900 8390">
    <p class='ocr_par' dir='ltr' id='par_1_2' title="bbox 0 0 2900 8390">
     <span class='ocr_line' id='line_1_72' title="bbox 0 0 2900 8390; baseline 0 0"><span class='ocrx_word' id='word_1_1234' title='bbox 0 0 2900 8390; x_wconf 95' lang='lat' dir='ltr'> </span> 
     </span>
    </p>
   </div>
  </div>
 </body>
</html>
