5784 8384
284 615 345 678 549
1120 603 1232 670 44334
1258 601 1413 668 thurius

562 693 613 746 utu
1907 687 1970 738 van

278 783 312 838 ah.
332 781 360 834 5*
377 809 412 822 --
431 781 539 834 trahitur
557 781 582 830 in
608 785 708 842 partem
734 791 782 842 per
804 777 914 832 additio·
1003 805 1038 816 -
1057 783 1096 828 est
1115 779 1273 842 principium
1292 777 1353 828 artis
1374 781 1399 828 et
1422 777 1542 828 scientiae
1563 775 1585 828 V
1622 787 1762 828 commone
1787 777 1814 824 in
1842 775 1886 826 illo
1913 775 2085 826 nnivorantnr
2105 773 2112 822 l
2132 771 2184 822 546
2204 771 2221 822 4.
2242 755 2266 822 3

279 885 339 924 nern
354 867 389 922 ila.
402 881 426 934 a,
439 867 516 920 5*-
528 867 688 918 contrahitur
701 863 733 916 ad
747 865 912 918 individuum
953 867 980 918 44
1005 879 1061 930 arg.
1080 865 1104 916 9.
1125 863 1175 916 496
1198 863 1238 914 44.
1259 861 1308 916 574
1330 863 1361 912 48
1622 887 1656 900 ...
1675 861 1839 912 Uniformiler
1858 861 1979 912 convenit
1998 859 2070 926 quod
2087 859 2256 910 esteiusdem

278 971 325 1020 per
344 955 501 1008 additionem
522 955 529 1004 l
550 953 600 1004 443
620 951 912 1014 l*—asteommune,
1006 979 1040 992 --
1060 953 1190 1016 colligitur
1208 953 1232 1002 iu
1254 949 1329 1002 nobis
1347 963 1587 1012 exsensu,memo·
1623 951 1728 998 naturae
1755 951 1778 996 et
1804 949 1898 1012 speciei
1925 949 1952 1000 lll
1972 947 2022 998 443
2042 961 2097 1010 arg.
2118 947 2187 996 4-
2205 959 2256 996 444

279 1043 348 1110 qnod
368 1049 481 1094 arctetur
500 1039 526 1092 44
544 1041 705 1092 contrahitur
717 1053 764 1104 per
777 1041 912 1104 proprium
951 1041 985 1092 ria
1007 1047 1032 1092 et
1049 1041 1206 1104 experientia
1226 1039 1254 1088 lll
1274 1037 1320 1090 344
1337 1051 1395 1102 arg.
1407 1037 1431 1088 3.
1446 1037 1467 1088 V
1482 1037 1511 1086 44
1529 1049 1586 1100 arg.
1622 1039 1660 1086 est
1679 1047 1750 1098 vara,
1770 1035 1818 1086 ru'si
1836 1035 1943 1100 qnando
1960 1035 2046 1100 aliqua
2066 1035 2091 1086 in
2110 1047 2158 1086 una
2175 1033 2257 1084 lorma

283 1129 356 1182 Vii
377 1129 405 1182 3*
424 1155 461 1168 -
478 1125 624 1180 Commune
644 1129 669 1176 in
688 1125 853 1178 inferioribus
867 1141 914 1192 per
950 1127 975 1178 9.
995 1127 1045 1178 495
1068 1125 1108 1178 44.
1128 1125 1179 1178 574
1208 1127 1236 1176 48
1265 1121 1325 1178 Vide
1346 1125 1377 1176 V.
1395 1121 1542 1178 abstracta
1562 1129 1596 1180 44,
1625 1121 1757 1174 communi
1784 1121 1887 1174 realiter
1913 1123 2095 1188 assimilantur,
2129 1135 2196 1186 quac
2225 1119 2258 1172 de

279 1231 336 1270 esse
354 1217 379 1266 in
405 1219 455 1268 hoc
478 1215 663 1278 appropriatur
682 1215 690 1266 l
711 1213 760 1264 449
779 1213 809 1266 4*
827 1239 859 1254 ·-
880 1211 913 1264 ah
959 1213 982 1266 V.
1003 1213 1155 1268 luielleclns
1173 1209 1202 1266 8.
1623 1209 1688 1274 ipsis
1705 1209 1874 1260 essentialiter
1892 1209 2058 1272 praedicatur
2075 1211 2091 1260 ll
2115 1207 2158 1260 444
2184 1209 2200 1260 4

278 1317 336 1356 esse
353 1303 499 1368 particulari
521 1301 651 1366 dependet
674 1307 700 1350 et
724 1301 822 1350 ratione
847 1299 913 1352 illins
1005 1299 1153 1352 Univootrro
1170 1325 1208 1338 --
1225 1299 1371 1350 Univocnm
1396 1305 1434 1350 est
1459 1297 1530 1364 qnod
1548 1311 1586 1348 se·
1675 1323 1709 1332 -
1728 1301 1767 1348 est
1785 1297 1870 1348 solum
1889 1299 1914 1346 in
1935 1297 2023 1350 formis
2042 1305 2068 1350 et
2085 1299 2112 1348 in
2131 1299 2171 1348 his
2190 1309 2257 1362 qnae

279 1391 391 1458 aliquam
411 1389 522 1440 admittit
539 1389 740 1440 contractionem
761 1389 784 1440 V
802 1389 836 1438 83
857 1385 903 1438 44*
952 1389 1067 1440 cundum
1087 1384 1585 1438 idemnomenetsecundumeandem
1622 1383 1839 1436 dicuntlormam
1859 1383 1932 1436 4499
1952 1385 2004 1436 44

332 1503 366 1516 -
384 1483 465 1530 toturn
491 1479 517 1526 in
542 1475 660 1542 quolibet
683 1473 742 1528 nida
768 1473 795 1528 V.
818 1475 913 1528 Volunt
951 1475 1077 1526 rationem
1105 1473 1201 1524 dicitur
1226 1473 1262 1524 de
1288 1471 1407 1536 pluribus
1426 1473 1434 1522 l
1455 1469 1506 1522 444
1524 1473 1540 1522 4.
1560 1473 1584 1522 3.
1675 1497 1709 1510 --
1727 1471 1801 1536 Quae
1820 1473 1994 1524 univocantur
2011 1475 2034 1523 iu
2055 1473 2142 1540 aliquo
2160 1485 2257 1538 aequa·

278 1571 302 1616 44
321 1567 345 1636 44
365 1565 450 1616 444444
469 1577 558 1630 gener.
583 1563 610 1614 V.
629 1559 812 1628 4444444444).
952 1561 1002 1614 444
1021 1575 1077 1626 arg.
1097 1561 1121 1612 4.
1141 1561 1166 1612 lll
1189 1557 1239 1612 455
1259 1559 1275 1610 4.
1295 1557 1310 1610 4
1330 1587 1364 1598 -·
1384 1559 1533 1612 Univocatio
1546 1563 1586 1610 est
1622 1557 1679 1612 liter
1697 1567 1756 1612 sunt
1774 1561 1800 1610 in
1820 1559 1861 1610 illo
1881 1561 1888 1610 l
1909 1557 1959 1610 444
1980 1563 1996 1610 4.
2016 1561 2031 1612 3
2050 1587 2085 1598 -
2105 1563 2178 1626 Quae
2203 1561 2257 1610 nui-

331 1659 420 1704 -est
448 1651 581 1715 spirituale
609 1665 657 1714 per
685 1647 913 1702 abstractioneml
951 1649 1129 1702 convenientia
1149 1649 1173 1698 iu
1195 1649 1298 1698 nomine
1317 1651 1341 1698 44
1360 1647 1537 1698 inessentiall
1552 1645 1585 1698 95
1623 1651 1750 1698 vocantur
1769 1647 1792 1698 in
1814 1647 1899 1714 aliquo
1920 1645 2015 1700 habent
2028 1649 2224 1712 proportionem
2240 1647 2258 1698 ll

279 1739 330 1792 543
350 1737 378 1790 4*
950 1736 968 1788 i.
987 1737 1003 1788 6
1024 1763 1057 1774 -4
1077 1733 1585 1788 Univocnmestcornmnnesecnndum
1623 1733 1674 1786 837
1694 1733 1755 1788 (4.3

332 1853 366 1866 -
386 1827 476 1890 recipit
494 1827 664 1878 variationem
690 1825 789 1876 ratione
813 1825 869 1876 eins
888 1825 914 1874 in
952 1837 1044 1876 nomen
1075 1830 1098 1875 44
1127 1835 1182 1874 rem
1208 1821 1269 1874 443
1288 1821 1313 1874 d.
1334 1821 1349 1872 5
1368 1823 1449 1872 -ln
1468 1823 1586 1874 univocis
1675 1823 1867 1876 —Univocum
1882 1823 2023 1886 simplicius
2036 1831 2082 1886 ost,
2096 1835 2175 1890 quam
2190 1835 2257 1888 spatae

280 1929 333 1980 quo
351 1923 390 1968 est
409 1915 416 1962 l
437 1915 447 1964 4
455 1913 488 1964 60
507 1911 537 1964 3*
553 1941 589 1952 --
602 1913 714 1964 existens
726 1913 751 1962 44
767 1911 915 1978 particulari
953 1925 1002 1964 una
1023 1913 1088 1964 ratio
1105 1911 1254 1962 communis
1272 1911 1418 1974 assignatur
1433 1911 1452 1962 ll
1466 1909 1517 1962 837
1530 1911 1585 1962 (4.3
1625 1911 1794 1962 univocantur
1814 1911 1838 1960 in
1859 1911 1915 1974 ipso
1937 1911 1944 1960 l
1962 1909 2013 1962 546
2033 1913 2050 1962 t.
2070 1911 2084 1960 3

281 2007 394 2054 mutatur
412 2001 435 2052 V
456 2000 501 2052 494
527 1999 554 2052 9*
952 2027 986 2040 -
1006 2009 1052 2064 est,
1074 1997 1117 2050 nbi
1132 2005 1170 2050 est
1183 1999 1355 2050 communitas
1369 1997 1587 2062 habitudinisper
1675 2025 1709 2034 -
1728 2005 1846 2062 respectu
1869 1999 1971 2050 univoci
1991 2005 2029 2050 est
2043 2001 2203 2064 comparatio
2216 2011 2259 2048 se·

331 2115 365 2130 -
385 2089 550 2154 praedicatur
570 2089 602 2140 de
620 2089 744 2152 singulari
765 2089 784 2140 ll
804 2087 854 2140 439
867 2087 913 2138 43
952 2093 1098 2152 respectum
1123 2085 1156 2138 ad
1181 2099 1223 2136 res
1246 2087 1364 2138 eiusdem
1385 2089 1487 2152 generis
1508 2089 1515 2138 l
1534 2085 1585 2138 444
1624 2085 1739 2138 cundum
1760 2085 1842 2138 mains
1861 2087 1992 2136 etminns
2013 2085 2028 2138 ll
2049 2085 2099 2136 546
2120 2085 2174 2136 (4.3
2196 2083 2258 2136 Vide

278 2205 312 2216 ·-
332 2183 416 2242 potest
434 2177 495 2242 poni
515 2191 563 2240 pro
582 2175 707 2240 singulari
727 2177 733 2226 l
756 2175 882 2252 illidi
952 2175 978 2226 b.
998 2173 1048 2226 445
1067 2171 1096 2226 4*
1113 2201 1149 2212 ·-
1177 2175 1290 2224 Univoce
1320 2175 1485 2238 praedicatur
1514 2175 1585 2240 qnod
1627 2171 1655 2226 V.
1674 2171 1788 2242 Species.

333 2291 364 2302 -
385 2263 480 2330 aliquid
500 2263 595 2316 dicitur
614 2269 722 2328 propter
746 2265 914 2316 communita·
951 2265 1041 2316 retinet
1069 2261 1179 2314 eandem
1209 2261 1420 2326 significationem
1450 2261 1585 2314 eteoclem
1673 2261 1754 2310 -in
1773 2275 1869 2324 genere
1888 2273 1938 2310 non
1958 2261 2053 2314 tollitur
2073 2259 2258 2324 perdideren·

280 2361 331 2406 tem
351 2355 374 2402 in
395 2351 584 2418 praedicendo,
611 2351 653 2402 vel
680 2353 707 2400 in
735 2349 866 2402 causando
886 2351 915 2402 444
951 2349 1033 2402 modo
1052 2357 1218 2414 eomparatur
1238 2349 1429 2414 praedicatione
1448 2349 1586 2402 lormaliet
1623 2351 1669 2402 tias
1691 2349 1776 2400 44743
1797 2347 1825 2400 6*

278 2441 324 2492 534
350 2441 366 2492 4
385 2469 419 2478 -
438 2441 540 2506 Quanto
559 2439 659 2504 aliquid
676 2445 717 2490 est
733 2439 915 2502 universalius,
952 2439 1080 2490 essentiali
1099 2439 1127 2490 lll
1148 2437 1198 2490 474
1217 2435 1245 2490 3*
1674 2463 1710 2476 -
1728 2437 1754 2488 44
1772 2451 1868 2500 genere
1886 2437 1929 2488 vel
1942 2439 1971 2508 44
1993 2439 2079 2502 specie
2098 2451 2148 2486 non
2162 2435 2258 2488 tullitnr

279 2535 349 2582 tanto
373 2529 457 2580 inlinit
480 2529 505 2580 ln
531 2527 606 2592 plura
626 2529 633 2578 l
655 2527 705 2578 638
725 2525 777 2578 44
803 2525 862 2580 Vide
885 2525 914 2578 V.
1003 2525 1122 2580 -Cum
1142 2535 1180 2578 est
1200 2527 1295 2578 modus
1314 2525 1416 2578 dicendi
1443 2511 1585 2590 univocae,
1624 2523 1941 2590 perdiversumnrodnm
1957 2523 2214 2586 procurandarum
2231 2521 2259 2572 6*

281 2615 369 2670 Cuneo
388 2613 467 2676 (434
485 2613 522 2680 4).
953 2619 990 2666 est
1010 2613 1188 2678 multiplicatio
1208 2615 1273 2666 circa
1301 2627 1359 2666 esse
1388 2621 1412 2664 et
1439 2627 1489 2664 non
1519 2613 1586 2664 circa
1627 2639 1658 2648 -
1679 2611 1753 2676 Quod
1772 2617 1812 2664 est
1838 2625 1886 2676 per
1913 2619 1996 2664 artem
2024 2625 2075 2664 non
2104 2611 2259 2662 univocatnr
2341 2613 2343 2616 '

330 2733 365 2744 -
385 2707 489 2770 proprie
509 2703 688 2756 consideratur
707 2703 914 2768 amataphysico
953 2701 1002 2754 dici
1023 2701 1100 2754 4447
1121 2701 1139 2754 h
1162 2699 1224 2754 Vide
1246 2701 1431 2754 V.Nnrucrus
1451 2701 1475 2750 in
1503 2699 1587 2750 indice
1623 2713 1683 2754 cum
1703 2711 1734 2750 eo
1754 2699 1826 2766 quod
1843 2703 1883 2750 est
1901 2713 1948 2766 per
1965 2705 2085 2752 naturam
2104 2697 2189 2750 44497
2202 2697 2258 2748 (4.4

280 2793 296 2844 ll
317 2793 363 2844 444
387 2807 402 2844 4
952 2805 1041 2856 gener.
1675 2815 1711 2826 -
1730 2787 1801 2852 Quae
1821 2789 1978 2840 conveniunt
1997 2789 2021 2838 in
2035 2801 2114 2840 eausa
2128 2791 2151 2838 el
2165 2787 2258 2838 ellectu

333 2907 366 2918 -
386 2883 458 2946 large
477 2879 540 2932 dicit
557 2849 690 2946 quandam
711 2881 830 2944 principii
843 2877 915 2930 indil'-
1005 2905 1037 2916 —-
1058 2877 1204 2928 Uuiroonm
1223 2877 1285 2928 dicit
1303 2875 1527 2940 participationem
1539 2881 1587 2928 ter·
1625 2877 1766 2942 aequaliter
1778 2873 1873 2928 habent
1887 2877 2093 2928 univocationem
2108 2877 2127 2926 ll
2141 2873 2191 2924 837
2205 2873 2259 2926 (4.3

279 2969 425 3034 larentiam,
448 2981 527 3034 quam
540 2969 616 3020 etiam
631 2967 778 3018 considerat
791 2967 915 3032 physicus
952 2967 1001 3018 liae
1021 2969 1127 3016 naturae
1145 2965 1170 3016 lll
1186 2965 1218 3016 38
1232 2961 1262 3014 4*
1280 2961 1340 3016 Vide
1355 2961 1386 3016 V.
1401 2961 1587 3016 0444444444
1624 2989 1658 3000 -·
1677 2967 1723 3026 est,
1744 2963 1963 3030 quandocumque
1976 2963 2074 3030 aliquid
2093 2969 2132 3016 est
2150 2963 2259 3014 alicuius

278 3055 361 3108 44444
386 3069 401 3108 4
952 3055 976 3102 in
995 3051 1082 3104 lndiee
1099 3065 1188 3116 gener.
1208 3079 1240 3092 -
1266 3051 1339 3116 Quae
1365 3049 1461 3102 harhent
1487 3051 1586 3116 aliquid
1625 3053 1700 3114 origo
1718 3065 1767 3114 per
1784 3051 1983 3102 redundantiam
2004 3051 2034 3102 lV
2056 3049 2126 3102 4444
2144 3063 2200 3114 arg.
2223 3051 2229 3100 l

332 3759 442 3810 Ventris
461 3783 495 3796 ·-·
515 3755 613 3808 Verum
644 3755 705 3808 dicit
732 3753 914 3808 indivisionem
1007 3779 1039 3792 -
1060 3753 1158 3804 Verum
1182 3753 1240 3804 dicit
1269 3751 1446 3804 habitudinem
1472 3765 1589 3804 necessa·
1626 3753 1740 3804 cundum
1757 3762 1882 3818 naturam,
1896 3753 1992 3806 4444444
2009 3765 2157 3806 sermonum
2171 3765 2261 3804 secun-

279 3847 344 3898 entis
362 3845 396 3896 ab
415 3859 471 3896 esse
490 3845 546 3896 sive
564 3849 621 3894 actu
643 3841 770 3910 ahsoluto,
784 3849 861 3908 prout
873 3857 916 3894 na·
955 3843 1020 3892 riam
1038 3847 1062 3892 et
1082 3841 1231 3894 relationem
1252 3841 1285 3892 ad
1304 3853 1410 3892 causam
1437 3841 1455 3892 ll
1474 3839 1507 3892 54
1527 3839 1552 3890 (4.
1574 3841 1588 3892 4
1627 3843 1690 3894 dum
1716 3845 1849 3906 rationem,
1870 3843 1965 3894 veritas
1984 3855 2088 3894 morum
2114 3841 2260 3894 secundum

280 3939 335 3984 tum
354 3939 392 3984 est
420 3933 474 3985 lieri
502 3933 573 3996 apud
602 3933 758 3984 intellectum
779 3933 810 3986 lV
830 3933 914 3984 3344
1009 3957 1043 3968 -
1062 3933 1090 3980 44
1107 3927 1178 3980 idern
1198 3933 1236 3980 est
1255 3929 1327 3994 qnod
1340 3929 1377 3978 rei
1391 3929 1490 3990 entitas,
1505 3929 1590 3992 magis
1626 3927 1872 3982 voluntatemne

280 4049 314 4060 -
333 4021 431 4074 Verum
452 4023 567 4072 nominat
587 4033 647 4086 ene,
672 4021 818 4074 secundnm
845 4021 914 4086 qnod
954 4017 1068 4070 salvatur
1087 4019 1111 4068 in
1133 4017 1188 4080 ipsa
1209 4017 1244 4068 rei
1265 4017 1367 4068 eutitete
1388 4017 1409 4068 V
1431 4017 1464 4066 49
1483 4013 1512 4066 9*
1679 4047 1713 4056 -
1732 4019 1769 4070 rei
1788 4025 1869 4080 protest
1892 4017 2028 4082 significari
2049 4019 2090 4068 vel
2115 4017 2261 4068 secundnm

280 4109 463 4176 cognoscibile,
481 4107 915 4172 ethochabetperindivisionem
1004 4130 1041 4142 —
1059 4103 1442 4170 Resadaequatanonestsna
1462 4103 1589 4168 adaequa·
1627 4107 1698 4172 quod
1717 4112 1756 4157 est
1775 4107 1797 4156 iu
1820 4107 1939 4170 materia,
1958 4107 2001 4158 vel
2019 4107 2163 4158 secundnm
2189 4107 2261 4170 qttod

279 4199 318 4248 sui
344 4211 357 4248 a
386 4199 490 4262 propria
521 4199 607 4262 specie
627 4197 649 4248 V
669 4197 720 4248 445
739 4211 753 4248 a
773 4225 806 4234 -
828 4209 915 4248 rerum
954 4193 987 4242 tio
1008 4191 1029 4242 V
1049 4191 1134 4242 3448
1627 4199 1664 4244 est
1684 4197 1709 4244 in
1728 4195 1830 4258 anima,
1848 4195 1890 4246 vel
1909 4193 2054 4246 secuudum
2081 4191 2152 4260 qnod
2177 4195 2260 4244 estin

279 4289 317 4338 est
336 4283 457 4338 indivisio
476 4287 542 4338 entis
558 4293 585 4338 et
603 4281 772 4338 44444349
786 4287 810 4338 4.
825 4285 915 4338 3544.
1008 4277 1110 4330 -Uhi
1130 4287 1168 4330 esi
1187 4291 1269 4330 nnnrn
1288 4291 1354 4342 4444,
1372 4283 1411 4330 est
1430 4287 1479 4328 una
1493 4279 1589 4330 veritas
1628 4287 1681 4332 arte
1701 4281 1800 4344 diviua,
1820 4281 1860 4332 vel
1881 4281 2003 4334 omnihus
2021 4283 2061 4332 his
2079 4281 2164 4332 modis
2183 4283 2261 4332 simnl

281 4371 326 4424 554
352 4371 384 4422 43
404 4399 438 4410 --
459 4385 546 4424 rernm
574 4379 612 4424 est
641 4371 762 4422 indivisio
789 4373 855 4422 entis
882 4371 916 4422 ah
956 4365 1101 4418 secundum
1119 4378 1174 4416 rem
1196 4365 1218 4416 V
1238 4365 1272 4416 67
1292 4363 1338 4416 45*
1628 4369 1701 4420 Van
1722 4367 1768 4420 43*
1786 4395 1820 4404 -
1838 4367 1864 4418 44
1893 4371 1977 4420 anima
1995 4367 2084 4422 habet
2111 4373 2260 4434 respectum

281 4473 338 4512 esse
358 4461 380 4512 V
401 4459 451 4512 474
471 4461 486 4510 7
505 4489 540 4498 -
558 4461 584 4510 in
604 4457 797 4522 comparatione
809 4459 844 4510 ad
857 4457 916 4510 suh·
1009 4481 1042 4490 --
1062 4455 1161 4506 Verum
1181 4461 1306 4518 qnantum
1327 4453 1359 4504 ad
1379 4453 1590 4506 rationemiutel·
1626 4455 1658 4508 ad
1678 4457 1812 4508 veritatem
1832 4459 1883 4522 rei,
1907 4457 2052 4510 secuudum
2078 4457 2149 4524 quod
2177 4465 2214 4510 est
2234 4459 2261 4508 in

278 4549 381 4610 iactum,
402 4549 474 4614 qnod
492 4549 622 4612 informat,
642 4547 736 4600 dicitur
748 4555 822 4600 44444
835 4555 859 4600 44
872 4559 916 4610 po·
956 4539 1050 4606 ligendi
1081 4541 1269 4606 praesupponit
1295 4553 1377 4592 44444
1404 4541 1430 4590 lll
1457 4541 1503 4590 444
1528 4539 1545 4590 i.
1565 4539 1588 4590 l.
1627 4545 1742 4608 materia,
1763 4551 1786 4596 et
1805 4545 1950 4598 secundnm
1969 4545 2040 4612 qnod
2060 4553 2098 4598 est
2117 4545 2262 4598 innrtedi-

282 4639 372 4688 tentiae
392 4635 513 4688 indivisio
534 4637 542 4686 l
562 4635 608 4686 454
632 4649 648 4686 4
956 4629 978 4680 V
996 4627 1083 4680 4454
1626 4635 1697 4698 vina,
1717 4635 1783 4686 sicut
1802 4633 1917 4686 medinm
1938 4634 1971 4687 ad
1990 4633 2043 4686 duo
2063 4639 2176 4686 extrema
2197 4631 2258 4688 thid.

334 4749 369 4762 -·
387 4723 486 4776 Verum
506 4723 583 4774 estid
597 4721 669 4788 qnod
682 4723 801 4776 4444454
820 4737 876 4788 arg.
892 4723 917 4774 4.
1007 4743 1042 4754 -·
1061 4715 1159 4768 Verum
1179 4729 1263 4782 aeque
1282 4729 1422 4768 commune
1439 4721 1478 4768 est
1496 4725 1524 4770 nt
1541 4713 1588 4768 ho·
1678 4749 1713 4758 -
1731 4727 1771 4774 est
1788 4723 1943 4788 adaequatio
1969 4723 2007 4772 rei
2033 4729 2059 4774 et
2086 4721 2226 4774 intellectus
2253 4725 2261 4776 l

282 4813 357 4864 vro
377 4809 605 4862 3*-estidem
632 4809 705 4876 qnod
732 4801 769 4862 rei
797 4813 915 4862 entitasl
955 4803 1110 4856 humilii
1144 4817 1199 4868 arg.
1226 4805 1339 4854 4-44
1365 4803 1467 4856 bonitas
1488 4803 1590 4856 habeut
1626 4807 1677 4860 737
1699 4809 1733 4860 4*.
1755 4809 1804 4862 847
1825 4809 1910 4860 tati
1931 4809 1984 4860 44.
1999 4809 2048 4862 873
2063 4823 2118 4874 arg.
2132 4809 2259 4862 44473

276 4899 326 4964 ⁸llil
352 4913 408 4964 arg.
428 4899 452 4950 4.
473 4899 524 4950 685
542 4913 598 4962 arg.
617 4897 916 4952 avium-annis
956 4893 1043 4958 aliquo
1072 4891 1152 4944 modo
1180 4891 1350 4944 diderentiam
1368 4891 1392 4944 V
1411 4891 1446 4944 74
1465 4887 1493 4942 5*
1512 4919 1545 4930 -
1564 4898 1590 4944 cl
1626 4911 1650 4950 a.
1668 4897 1719 4950 344
1739 4899 1754 4948 8
1775 4925 1807 4934 -·-
1827 4911 1913 4950 rerum
1934 4905 1971 4950 est
1991 4899 2145 4964 adaequatio
2165 4899 2259 4950 intelle·

281 4989 371 5038 entitas
390 4985 521 5054 quaedam
541 4995 579 5040 est
599 4987 670 5038 4444
685 5001 741 5050 arg.
757 4987 766 5038 t
784 5017 819 5025 -
833 4987 916 5040 omne
956 4981 1057 5032 bouitas
1077 4981 1101 5030 in
1121 4985 1213 5032 natura
1231 4985 1315 5032 neate
1336 4993 1388 5032 non
1413 4985 1452 5032 est
1476 4979 1545 5032 tuam
1565 4979 1589 5030 V
1626 4995 1682 5040 etna
1701 4995 1725 5038 a
1744 4987 1780 5036 ru
1800 4987 1823 5040 v
1842 4985 1893 5038 444
1912 4985 1928 5038 7
1950 4983 2010 5040 4444
2025 4985 2054 5038 is.
2069 4983 2187 5054 capania
2209 4983 2259 5040 47.

280 5089 372 5128 verum
392 5089 438 5126 ens
459 5071 516 5126 V'l
535 5087 592 5138 arg.
612 5075 620 5124 l
645 5103 679 5112 -
693 5073 784 5128 Omnis
797 5081 915 5128 creatura
955 5067 987 5120 69
1006 5081 1063 5132 443·
1083 5067 1107 5118 fi·
1126 5067 1161 5118 72
1178 5065 1210 5118 7*
1678 5101 1713 5112 -
1731 5073 1899 5138 distinguitur
1918 5081 2006 5126 contra
2026 5073 2158 5126 falsitatem
2180 5077 2187 5126 l
2208 5075 2254 5128 454

278 5163 358 5214 nanee
374 5163 508 5216 veritatem
530 5163 550 5214 v
570 5163 604 5214 54
617 5161 633 5214 4
647 5189 681 5202 -
695 5161 916 5222 Vernmaonver·
1004 5181 1041 5194 -·
1057 5163 1098 5208 est
1115 5169 1186 5220 vera,
1201 5169 1260 5208 enm
1276 5157 1307 5206 sn
1320 5155 1503 5220 cognoscimus
1516 5157 1524 5208 t
1538 5157 1588 5208 l5⁰
1626 5177 1650 5214 a.
1667 5165 1686 5214 u
1705 5161 1758 5214 435
1776 5175 1790 5214 a
1809 5191 1844 5200 -
1863 5177 1912 5214 non
1940 5163 2054 5214 sanatur
2074 5163 2097 5214 tn
2125 5163 2230 5216 salsitate
2251 5165 2260 5216 1

280 5243 339 5292 titur
358 5255 418 5292 eunt
437 5248 495 5294 ente
514 5247 539 5292 et
558 5251 597 5294 est
615 5241 640 5292 in
666 5241 789 5294 omnibns
812 5243 916 5296 entibus
953 5241 1098 5308 argi-
1116 5243 1216 5294 Verum
1243 5242 1394 5296 denominat
1421 5257 1449 5294 se
1473 5245 1587 5306 ipsuml
1626 5251 1676 5302 649
1697 5247 1725 5302 4*

281 5331 297 5382 44
318 5331 363 5382 494
389 5327 472 5380 5*-
491 5331 590 5388 Verum
608 5334 634 5381 el
659 5343 705 5382 ens
729 5337 916 5384 convertuntur
953 5329 1005 5382 579
1025 5329 1041 5382 h
1059 5343 1192 5396 -snpra
1213 5343 1239 5382 se
1258 5331 1398 5382 retleclitur
1416 5331 1423 5382 l
1444 5331 1494 5382 586
1517 5329 1588 5382 t*.v
1676 5365 1713 5376 -
1731 5343 1757 5390 44
1775 5339 1870 5390 salsitas
1898 5339 2038 5392 fundantur
2066 5353 2145 5404 super
2172 5339 2258 5408 idern,

280 5417 297 5468 ll
316 5417 366 5468 874
386 5417 405 5470 4.
423 5417 438 5468 3
459 5445 492 5454 -
506 5417 669 5482 incomplexe
682 5421 843 5472 convertitur
855 5433 915 5472 cnm
955 5417 987 5470 54
1007 5431 1063 5484 arg.
1079 5419 1111 5470 44
1124 5433 1251 5484 -snpra
1272 5433 1299 5472 se
1313 5421 1454 5472 reflectitur
1466 5421 1490 5470 in
1504 5421 1590 5484 singu·
1628 5425 1673 5478 sad
1694 5427 1788 5478 veritas
1802 5439 1848 5490 per
1861 5427 1970 5478 modum
1984 5427 2120 5490 positionis
2134 5427 2150 5478 14
2165 5427 2217 5480 875
2231 5427 2259 5478 4*

279 5513 336 5556 ente
356 5505 363 5554 Ι
383 5505 433 5556 450
454 5517 508 5568 dig.
530 5505 540 5556 4
563 5535 600 5544 -·
618 5505 773 5568 incomplexi
793 5513 832 5558 334
850 5507 917 5556 veri·
955 5507 1008 5572 lari,
1028 5513 1052 5558 34
1072 5521 1122 5560 non
1143 5509 1167 5558 in
1186 5507 1280 5572 plurali
1300 5507 1321 5560 V
1343 5505 1376 5558 67
1398 5505 1443 5556 ii*
1625 5539 1660 5552 -
1679 5527 1737 5566 cum
1759 5515 1826 5566 dicat
1843 5515 2068 5580 adaequationgm,
2084 5515 2261 5580 (iiejlposilio.

280 5599 317 5644 las
336 5593 372 5644 rei
392 5591 415 5644 V
434 5593 468 5644 67
488 5591 536 5644 ta*
1004 5621 1041 5634 —
1059 5595 1158 5646 Vernm
1187 5601 1227 5646 est
1253 5595 1406 5648 diilusivum
1434 5597 1474 5646 sui
1502 5597 1518 5646 ΙΙ
1540 5595 1589 5646 430
1626 5615 1686 5652 nem
1706 5599 1738 5652 444,
1759 5601 1786 5652 4*
1804 5631 1839 5640 --
1858 5601 1892 5654 de
1910 5617 1938 5652 se
1958 5601 2021 5652 dicit
2036 5603 2199 5670 positionem,
2213 5605 2259 5658 sed

310 5749 311 5754 ἵ
331 5705 366 5718 -
386 5679 447 5730 dicit
466 5679 640 5732 conditionem
661 5681 915 5734 nothmanniae
953 5695 1008 5746 arg.
1028 5685 1044 5736 5
1626 5703 1657 5742 ex
1676 5697 1749 5754 parte
1768 5691 1824 5742 eius
1842 5691 1884 5742 cni
1902 5689 2072 5756 adaequatur,
2086 5697 2169 5754 potest
2183 5695 2261 5756 respi-

280 5773 482 5832 a-quantum
500 5775 540 5820 est
553 5769 587 5820 de
605 5781 640 5832 se,
656 5769 717 5820 dicit
729 5769 838 5820 modum
851 5769 916 5820 eutis
1005 5795 1041 5808 -
1059 5771 1180 5822 convenit
1208 5773 1332 5822 creaturis
1359 5771 1505 5822 secundnm
1531 5771 1590 5834 plns
1626 5791 1685 5830 cera,
1705 5777 1875 5842 privationem
1895 5787 1920 5830 ea
1940 5777 2067 5832 (tanetum
2087 5777 2148 5832 ibid,

280 5853 302 5904 V
320 5853 354 5904 74
374 5851 403 5904 5*
422 5883 456 5894 -
475 5861 512 5906 est
533 5855 678 5920 proprietas
698 5859 834 5920 essentiae,
855 5859 916 5922 quia
955 5861 980 5908 et
998 5859 1096 5922 (44444,
1115 5859 1149 5908 444
1168 5859 1239 5924 quod
1259 5859 1292 5910 de
1310 5873 1339 5910 se
1353 5871 1404 5910 non
1416 5865 1489 5910 sonat
1502 5859 1528 5910 in
1541 5859 1589 5910 im·
1679 5893 1714 5904 -
1731 5873 1899 5928 eomparatur
1916 5865 1949 5918 ad
1964 5867 2096 5920 salsitatem
2110 5869 2260 5936 formaliter,

280 5945 317 5994 est
333 5943 398 5994 ratio
417 5943 591 6006 cognoscendi
610 5943 688 5994 eaml
705 5941 755 5994 454
771 5941 837 6008 4*,4
855 5941 917 5996 Vide
955 5945 1139 6010 perlectionem
1160 5945 1179 5996 V
1202 5945 1251 5998 tuo
1271 5949 1299 5998 4*
1316 5949 1471 6010 -proprie
1483 5951 1509 5998 et
1521 5959 1590 6000 com·
1626 5961 1671 6006 ant
1690 5955 1825 6006 causaliter
1838 5955 1893 6006 sive
1905 5955 2004 6006 ratione
2016 5955 2073 6006 eins
2085 5955 2155 6022 qnod
2169 5955 2261 6010 subest

284 6029 312 6082 V.
331 6027 396 6082 Eua.
953 6033 1022 6096 plere
1040 6039 1079 6084 est
1097 6035 1121 6084 iu
1142 6027 1258 6088 creatura
1279 6035 1405 6100 completa
1425 6033 1443 6084 ll
1465 6035 1509 6088 404
1535 6033 1563 6086 4*
1627 6045 1644 6096 11
1664 6039 1716 6092 375
1734 6039 1764 6092 4*

332 6151 366 6160 -
386 6125 440 6186 444,
460 6133 511 6186 qna
537 6117 633 6186 aliquid
659 6123 696 6170 est
725 6133 817 6170 vorum
839 6121 845 6170 l
866 6117 916 6170 459
1005 6145 1041 6158 -
1058 6109 1590 6188 astveritassermonumveritasrerum
1681 6135 1770 6180 -est
1797 6129 1900 6194 dignior
1927 6131 2034 6184 lalsitate
2065 6133 2082 6182 ll
2108 6131 2158 6184 875
2179 6129 2207 6184 4*
2224 6159 2260 6174 -··

280 6223 335 6274 arg.
354 6209 380 6260 7.
401 6209 450 6260 453
471 6207 524 6260 4.7
954 6215 979 6262 44
1007 6211 1103 6262 veritas
1132 6223 1235 6264 morum
1261 6211 1354 6264 4343
1373 6209 1398 6262 4.
1423 6209 1475 6264 354
1495 6211 1519 6262 4.
1538 6213 1589 6264 357
1626 6215 1776 6268 Formaliter
1804 6215 1908 6278 dignius
1934 6223 1973 6268 est
2000 6217 2097 6282 aliquid
2126 6217 2261 6270 verificare

332 6323 367 6336 -
385 6297 436 6348 Res
454 6309 516 6348 vera
536 6295 916 6364 esl,sccundumqnodadae-
959 6297 999 6348 44.
1022 6295 1071 6348 474
1091 6297 1107 6348 7
1124 6325 1161 6338 -
1178 6307 1218 6350 est
1236 6313 1333 6366 rernm,
1347 6301 1441 6352 veritas
1455 6301 1590 6364 signorum
1627 6317 1707 6370 qnam
1725 6301 1860 6356 laisidcare
1878 6301 1941 6356 inid.

281 6391 374 6450 quatur
386 6383 525 6436 intellectui
537 6381 918 6436 causantiV3ll8—'lnuc
956 6399 1001 6438 sen
1022 6399 1118 6438 vocum
1139 6391 1164 6438 et
1181 6387 1278 6440 veritas
1296 6399 1401 6440 morum
1420 6387 1441 6438 V
1463 6387 1590 6438 3494-
1678 6419 1713 6430 -
1732 6389 1773 6442 hh
1796 6391 1923 6444 intellectu
1954 6397 2022 6444 recte
2048 6393 2261 6458 apprehendente

280 6485 321 6524 res
341 6478 401 6524 sunt
419 6485 510 6534 verae,
530 6471 637 6538 quando
656 6473 759 6524 suntin
779 6489 807 6526 re
830 6473 871 6526 vel
890 6475 916 6524 in
954 6487 1044 6526 rernm
1061 6475 1280 6538 speculandarum
1298 6475 1405 6528 irradiat
1422 6489 1503 6540 snper
1521 6477 1590 6528 intel·
1628 6493 1677 6532 non
1699 6485 1782 6544 potest
1799 6467 1913 6546 intelligi,
1933 6483 2068 6534 veritatem
2088 6495 2139 6534 non
2161 6497 2217 6534 esse
2238 6483 2261 6534 V

280 6561 412 6624 universo,
430 6561 496 6612 sicut
514 6567 575 6612 sunt
593 6561 618 6612 in
637 6567 691 6612 arte
712 6567 815 6614 aeterna
838 6559 898 6616 idid.
954 6563 1086 6626 ligantiam
1105 6571 1220 6628 nostram
1238 6563 1365 6630 absolute,
1383 6565 1480 6616 veritas
1493 6577 1589 6618 vocum
1627 6567 1659 6620 54
1679 6567 1709 6618 5*
1726 6593 1762 6606 -
1780 6581 1830 6620 444
1850 6573 1935 6632 potest
1953 6571 2058 6634 eogitari
2073 6583 2120 6622 nec
2133 6573 2261 6624 enuntiari

333 6675 367 6688 -·
385 6649 486 6702 Verum
504 6647 600 6700 dicitnr
617 6647 918 6702 4444444448594*-
953 6653 981 6702 44
998 6653 1192 6714 comparatione
1211 6651 1244 6706 ad
1265 6653 1498 6720 interpretativarn,
1525 6655 1590 6704 veri·
1628 6669 1677 6708 non
1697 6657 1841 6708 essell53
1855 6655 1871 6708 l.
1886 6657 1992 6708 5.V88
2007 6657 2023 6708 4.
2036 6657 2061 6710 5.
2075 6657 2126 6710 349
2142 6659 2163 6710 l.
2178 6657 2229 6710 353
2246 6661 2255 6708 4

281 6735 378 6788 Verum
399 6737 459 6790 dicit
487 6735 672 6788 inhaerentiam
700 6741 726 6788 et
752 6741 916 6792 existentiam
955 6747 992 6792 tas
1011 6737 1182 6804 operabilium
1203 6741 1228 6792 in
1253 6743 1447 6806 comparatione
1471 6741 1503 6792 ad
1529 6741 1590 6792 alla-
1626 6773 1660 6782 -
1685 6745 1779 6810 Aliquo
1798 6745 1890 6810 posito,
1910 6747 2015 6810 ponitnr
2033 6759 2125 6798 verum
2145 6748 2153 6799 l
2175 6747 2259 6800 4554

280 6825 406 6876 actualem
425 6825 453 6876 lll
474 6823 519 6876 544
544 6821 572 6876 5*
954 6829 1050 6880 clivam
1069 6837 1095 6882 44
1113 6831 1238 6882 motivam
1256 6827 1293 6884 ih.
1311 6829 1327 6882 4
1346 6855 1381 6870 -
1400 6843 1488 6882 rerum
1502 6837 1540 6882 est
1552 6845 1591 6882 se·
1624 6859 1660 6872 -
1672 6835 1778 6898 ponitur
1790 6817 1859 6884 dmni
1874 6847 1994 6886 sermone
2014 6837 2173 6886 enuntiativo
2187 6837 2195 6888 l
2210 6833 2259 6888 453
