5792 8392
341 593 406 660 670
1180 591 1296 658 INDEX
1319 591 1511 660 SECUNDUS

629 681 690 732 600
1980 681 2042 736 600

396 769 549 822 00000000
569 773 726 822 —constat
752 783 785 822 ex
810 770 953 823 unitatibus
973 771 981 822 ι
1019 767 1091 836 quod
1110 767 1283 820 involuntarie
1301 769 1441 822 sustinetur
1460 767 1493 822 ab
1507 771 1556 822 alio
1571 771 1589 822 tt
1604 771 1655 822 866
1694 771 1810 836 punitiva
1826 773 1940 834 tantum,
1956 771 2001 822 sed
2015 771 2160 824 00000600
2180 771 2253 838 quod
2273 771 2332 836 plus

339 855 393 910 355
413 869 469 922 arg.
489 855 503 906 3
521 883 559 896 -
576 869 627 908 000
647 857 813 920 praedicatur
831 859 866 912 de
884 861 981 912 unitate
1018 855 1047 908 3*
1063 883 1101 896 -
1118 867 1171 908 000
1188 861 1230 908 εει
1247 857 1296 906 nlsl
1308 855 1380 922 quod
1400 861 1437 908 est
1457 861 1544 910 contra
1566 857 1657 908 volun·
1692 865 1731 912 εει
1748 861 1776 912 60
1793 873 1824 912 sa
1843 859 1908 912 ratio
1925 857 2026 910 ordinis
2042 861 2105 914 recti
2126 859 2160 912 tv
2179 859 2231 912 560
2252 859 2269 912 b

341 957 389 1010 per
409 957 449 1010 se,
465 943 520 998 ,scd
547 945 579 996 de
606 945 726 1008 pluribus
749 947 826 1000 simul
853 945 931 998 6356
951 945 982 998 5*
1018 949 1097 996 tatem
1110 945 1126 996 ll
1149 945 1199 996 953
1220 945 1236 996 ι.
1256 943 1282 1008 6,
1301 945 1315 994 3
1336 969 1370 984 -
1389 945 1468 996 babet
1486 945 1560 1008 plene
1581 947 1656 998 ratio·
1743 975 1781 988 —
1798 957 1838 1000 est
1850 945 1960 1000 iustitiae
1972 947 2081 1000 allectus
2097 947 2126 998 ιιι
2147 946 2198 998 809
2218 945 2244 1000 d.
2259 945 2283 1000 6.
2295 947 2331 1000 tv

341 1061 375 1070 -
393 1031 486 1086 00060
503 1037 529 1084 ει
554 1047 658 1086 somma
681 1035 805 1100 perfectio
827 1035 981 1100 pluralitatis
1017 1045 1077 1084 nem
1098 1045 1212 1098 poenae,
1241 1047 1307 1098 quae
1338 1035 1397 1084 iacit
1422 1035 1555 1086 bominem
1582 1035 1656 1086 mise·
1692 1035 1738 1086 956
1765 1035 1860 1100 argi
1879 1033 1928 1086 963
1950 1047 2007 1098 arg.
2026 1033 2048 1086 6.
2070 1035 2121 1086 906
2142 1033 2158 1086 b
2176 1061 2214 1074 -
2231 1035 2333 1088 runttio

341 1119 424 1174 estin
442 1121 567 1174 unitatel
587 1121 638 1176 697
658 1125 675 1176 l.
693 1123 710 1176 3
1016 1133 1090 1186 rum,
1109 1133 1170 1172 cum
1194 1131 1245 1170 non
1265 1120 1321 1172 vult
1347 1135 1374 1172 se
1400 1121 1452 1186 pati
1472 1121 1489 1172 ll
1511 1119 1602 1176 9560
1619 1147 1656 1160 -
1691 1127 1730 1174 εει
1747 1127 1821 1176 actus
1841 1121 1945 1174 divinae
1969 1121 2081 1174 iustitiae
2107 1121 2125 1170 ιι
2155 1119 2207 1172 856
2225 1121 2241 1172 6.
2262 1121 2277 1172 6
2294 1147 2333 1160 --

394 1233 430 1248 ·-
443 1211 565 1260 00060066
577 1208 688 1276 immae,
703 1225 771 1278 quae
785 1215 843 1262 nata
860 1215 899 1264 est
912 1223 981 1262 coni·
1016 1209 1162 1260 secundum
1181 1207 1339 1272 completam
1354 1209 1393 1260 soi
1408 1209 1535 1260 rationem
1546 1215 1587 1262 εει
1598 1221 1656 1274 pas·
1692 1209 1792 1262 Poenae
1810 1209 1908 1264 exactio
1920 1211 1962 1260 εει
1973 1209 2085 1272 0600660·
2097 1209 2208 1260 iustitiae
2225 1209 2260 1260 tv
2279 1209 2332 1260 965

342 1299 485 1362 municari,
503 1299 648 1352 secundnm
675 1313 745 1366 rem,
770 1299 811 1350 vel
831 1299 980 1350 secundum
1016 1297 1056 1348 sio
1074 1295 1188 1362 laedens,
1211 1297 1329 1362 aiiligens
1348 1303 1371 1350 et
1390 1297 1544 1364 displicens,
1562 1311 1657 1350 secun·
1691 1293 1722 1346 3*
1737 1323 1776 1338 -
1793 1299 1906 1352 iustitiae
1922 1305 1963 1348 est
1980 1297 2047 1348 mala
2069 1297 2160 1360 punire
2184 1297 2217 1350 lV
2238 1293 2289 1348 366
2315 1311 2331 1348 0

343 1385 624 1452 consignificationem,
644 1391 738 1440 neutro
749 1401 814 1440 vero
828 1385 909 1438 modo
923 1399 981 1438 con·
1018 1385 1081 1438 dum
1107 1383 1278 1448 semiplenam
1303 1387 1428 1438 rationem
1454 1385 1548 1438 dicitnr
1568 1385 1656 1450 passio
1693 1411 1727 1422 -·
1743 1383 1837 1440 Divina
1856 1385 1952 1440 iustitia
1965 1383 2043 1436 babet
2055 1397 2103 1438 nos
2119 1383 2213 1448 punire
2231 1385 2331 1436 ratione

341 1473 414 1526 venit
432 1475 531 1528 iormae
555 1473 780 1538 immultiplicabili
799 1475 806 1526 ι
826 1475 877 1527 606
899 1473 927 1528 3*
945 1503 981 1512 -
1017 1473 1123 1526 6006000
1142 1478 1168 1524 et
1185 1473 1304 1538 affligens
1322 1471 1384 1528 inid.
1407 1501 1441 1512 -
1461 1477 1545 1526 omnis
1564 1473 1655 1526 volun·
1694 1475 1782 1524 reatus
1799 1475 1828 1526 ΙιΙ
1847 1471 1931 1526 6060
1958 1499 1992 1512 ·-
2020 1473 2118 1524 Punitic
2139 1477 2223 1538 potest
2240 1473 2332 1526 reduci

341 1561 382 1616 Ad
401 1563 618 1626 plurificationem
641 1575 692 1614 000
722 1563 816 1614 sullicit
833 1565 982 1616 communi·
1017 1565 1061 1614 tati
1076 1563 1212 1626 peccatrici
1232 1567 1270 1614 est
1284 1563 1454 1614 involuntaria
1471 1563 1487 1614 ll
1507 1563 1559 1614 965
1580 1561 1656 1614 3*-
1691 1561 1870 1614 0660660600
1892 1561 1989 1614 666537
2010 1559 2331 1614 6*-8οι00006οειιεει

342 1655 381 1704 tas
410 1651 521 1704 nominis
549 1651 633 1722 sotum
663 1651 672 1702 l
697 1649 749 1702 666
778 1651 824 1704 tt
851 1653 981 1718 -Quod
1017 1663 1087 1716 quae
1106 1663 1157 1702 non
1175 1657 1215 1702 εει
1233 1655 1321 1702 contra
1341 1651 1514 1716 voluntatem,
1538 1665 1590 1702 non
1613 1653 1656 1704 ba·
1691 1661 1796 1702 summe
1808 1653 1904 1714 punire
1916 1649 1950 1704 ιιι
1963 1649 2010 1702 066
2028 1651 2080 1700 te

341 1739 504 1806 plurificatur
521 1739 548 1788 in
567 1737 654 1788 multis
671 1745 797 1806 quantum
815 1741 850 1792 ad
868 1741 981 1792 iormarn
1017 1735 1061 1790 bet
1079 1739 1157 1804 plene
1175 1739 1301 1790 rationem
1327 1753 1425 1804 poenae
1451 1739 1498 1790 nisi
1525 1739 1602 1790 relata
1621 1739 1655 1790 ad
1742 1739 1883 1790 -omnis
1910 1741 2003 1792 indicta
2032 1743 2070 1790 est
2097 1739 2178 1804 iusta,
2208 1737 2252 1790 sed
2273 1743 2330 1792 acta

342 1833 368 1880 et
394 1831 520 1892 quantum
550 1825 581 1878 ad
608 1827 773 1890 suppositum
800 1827 877 1880 babet
901 1829 982 1880 unita·
1017 1827 1176 1878 voluntatem
1196 1827 1268 1880 Adae
1287 1831 1458 1894 peccatricem
1478 1825 1539 1882 itia.
1692 1826 1733 1878 vel
1752 1833 1881 1880 contracta
1903 1841 1963 1894 non,
1983 1829 2031 1880 nisi
2051 1833 2129 1890 prout
2153 1827 2331 1892 intelliguntur

341 1919 393 1966 tem
415 1915 519 1966 rationis
539 1919 564 1966 et
588 1915 779 1968 distinctionem
802 1921 928 1982 quantum
947 1917 982 1968 ad
1069 1941 1106 1954 -
1124 1915 1185 1968 dicit
1205 1917 1303 1968 malum
1321 1919 1377 1968 sive
1399 1917 1525 1968 damnum
1544 1921 1568 1970 ct
1589 1915 1656 1968 ordi·
1691 1913 1740 1968 sub
1760 1917 1859 1968 ratione
1877 1929 1978 1980 poenae
2007 1917 2026 1968 ll
2048 1915 2100 1968 860
2119 1913 2157 1968 6*.
2175 1913 2227 1968 866
2250 1911 2331 1968 6*-

341 2013 396 2054 rem
412 2007 437 2054 et
449 2007 575 2068 quantum
590 2001 623 2054 06
643 2001 751 2054 modum
772 2005 781 2054 l
803 2005 853 2056 660
866 2001 891 2054 d.
913 2007 982 2056 2—-
1018 2001 1130 2056 006006
1159 2005 1317 2068 praecedens
1343 2007 1466 2056 meritum
1485 2003 1503 2054 ll
1524 2003 1574 2056 863
1594 2003 1610 2056 i.
1630 2005 1655 2056 5.
1691 2001 1769 2066 Quod
1788 2011 1827 2056 εει
1846 2017 1912 2070 0060
1934 2019 2020 2068 00000
2045 2019 2097 2058 000
2115 2011 2155 2058 εει
2180 2017 2259 2056 causa
2278 2003 2329 2056 cul·

341 2091 531 2156 praesupponit
550 2091 677 2144 alietatem
695 2093 703 2142 l
725 2091 770 2144 636
796 2107 809 2144 a
828 2119 865 2132 -
881 2093 982 2158 660006-
1018 2091 1070 2144 ill
1090 2107 1104 2142 a
1122 2097 1215 2144 —est
1232 2091 1407 2144 damnificatio
1420 2093 1511 2144 merito
1532 2091 1622 2156 culpae
1636 2091 1655 2144 ll
1692 2091 1849 2156 0000760
1868 2089 1899 2142 6*
1916 2117 1951 2128 -
1970 2103 2022 2142 000
2040 2095 2127 2146 omnis
2147 2091 2230 2145 diiiert
2249 2091 2333 2144 0006,

343 2185 378 2234 tat
396 2179 587 2232 distinctionem
614 2187 720 2244 aparte
740 2181 776 2232 rei
803 2195 851 2246 per
870 2179 981 2234 moduni
1017 2179 1068 2232 868
1089 2181 1107 2232 ι.
1125 2181 1140 2232 6
1160 2207 1194 2220 ε-
1220 2181 1316 2246 peccati
1343 2187 1381 2232 est
1406 2181 1553 2248 corruptio,
1575 2193 1655 2246 quam
1691 2175 1935 2244 pa116603*--
1957 2181 2141 2246 actaquodam
2162 2179 2240 2232 modo
2261 2185 2330 2232 tenet

344 2269 493 2336 quantitatis
515 2265 550 2322 ib.
569 2267 585 2320 b
606 2297 639 2306 -
661 2271 685 2320 in
712 2271 837 2322 creaturis
858 2271 919 2322 dicit
936 2271 984 2322 ali·
1019 2271 1100 2322 bomo
1118 2271 1226 2322 incurrit
1243 2283 1275 2322 ex
1301 2275 1371 2322 motu
1398 2269 1656 2322 600666006061865
1691 2269 1817 2322 rationem
1838 2269 1930 2332 culpae
1949 2269 1969 2320 ιι
1988 2267 2040 2320 857
2058 2267 2118 2320 dt
2138 2295 2171 2306 —
2192 2269 2330 2334 aliquaest

343 2371 455 2424 quorum
471 2357 661 2412 distinctionem
674 2365 696 2410 ει
708 2373 740 2412 ει
752 2361 816 2424 60060
830 2361 908 2412 00600
919 2361 983 2412 mul·
1018 2357 1038 2410 i.
1056 2359 1071 2408 6
1091 2385 1125 2396 -
1144 2357 1206 2410 6600
1220 2365 1406 2412 0000οε06οι0
1421 2355 1568 2412 ordinatum
1583 2359 1602 2410 tt
1621 2357 1656 2410 38
1691 2357 1785 2410 vitium
1803 2355 1894 2410 16866
1913 2355 1928 2406 ι.
1949 2357 1966 2410 5

342 2445 458 2502 titudinis
488 2449 693 2500 constitutionem
725 2449 733 2498 l
759 2447 812 2500 356
831 2447 903 2502 b-
924 2451 984 2502 iacit
1019 2445 1046 2498 6.
1064 2445 1089 2498 5.
1115 2445 1199 2500 8550
1228 2475 1263 2486 -
1291 2451 1318 2500 06
1345 2447 1475 2500 materiale
1493 2445 1555 2500 dicit
1579 2461 1657 2498 nacu-
1744 2445 2060 2510 —reducitculpamad
2081 2445 2334 2512 aliquemordinem

341 2541 426 2590 toturn
444 2535 575 2598 integrum
605 2537 702 2588 ratione
731 2537 919 2590 constitutionis
947 2535 982 2592 ib.
1019 2541 1136 2588 utentum
1157 2539 1263 2588 naturae
1283 2543 1308 2588 et
1325 2535 1485 2602 passionem,
1506 2535 1657 2588 utiormale
1692 2535 1711 2586 ll
1731 2533 1783 2586 667
1799 2549 1856 2598 arg.
1877 2533 1904 2586 3.
1920 2533 1950 2586 ιιι
1970 2533 2016 2586 666
2036 2531 2216 2586 6*-066600
2234 2535 2331 2586 iustitia

342 2623 381 2692 3*,
402 2621 433 2674 6*
1020 2625 1221 2676 instrumentum
1241 2623 1347 2676 divinae
1358 2625 1469 2676 iustitiae
1487 2631 1512 2676 et
1532 2625 1656 2676 ultionem
1691 2625 1835 2676 rectissime
1853 2621 1955 2674 ordinat
1973 2623 2057 2674 omnia
2079 2625 2103 2674 in
2121 2637 2208 2688 poena
2225 2623 2259 2676 ιιι
2279 2623 2325 2676 936

397 2711 522 2764 -Plura
539 2715 923 2766 constituentiamultitudinem
938 2717 984 2766 mi·
1020 2711 1152 2766 669560
1178 2739 1212 2750 -·
1232 2719 1335 2778 praeter
1359 2713 1488 2766 deiectum
1514 2711 1575 2766 boni
1596 2713 1657 2766 dicit
1691 2713 1710 2764 6.
1729 2713 1743 2764 3
1763 2739 1798 2750 -
1817 2709 2001 2766 Deordinatum
2032 2723 2079 2776 per
2102 2711 2207 2778 culpam
2231 2713 2331 2776 optime

344 2799 705 2868 nusbabentquamtotum,
727 2805 983 2872 qnodconstituunt,
1019 2803 1138 2856 ordinem
1152 2799 1286 2866 adipsum
1305 2803 1427 2856 meritum
1439 2815 1542 2866 poenae
1562 2805 1589 2852 et
1607 2801 1657 2854 dis·
1691 2800 1827 2854 ordinatur
1846 2803 1869 2852 in
1889 2813 1973 2866 poena
1991 2799 2026 2852 lV
2043 2799 2331 2854 365b-Pcccantes

344 2891 422 2944 etita
449 2893 619 2946 essentialiter
641 2891 763 2946 dilierunt
789 2893 822 2946 ab
842 2895 983 2948 inviceml
1020 2893 1174 2956 positionem
1192 2889 1307 2958 aliquam
1331 2893 1397 2944 06600
1424 2893 1510 2956 ipsum
1541 2891 1656 2956 punibile
1691 2891 1717 2942 in
1736 2889 1871 2956 suppliciis
1892 2889 2043 2942 ordinantor
2061 2889 2070 2940 l
2091 2889 2142 2940 830
2160 2889 2330 2940 66-000-

344 2979 395 3034 356
417 2979 444 3032 3*
461 3007 499 3018 -
516 2993 565 3044 006
588 2979 749 3034 additionem
774 2987 906 3048 repugnat
924 2985 984 3036 sim·
1019 2979 1038 3032 ll
1057 2979 1109 3032 863
1121 2993 1146 3046 0,
1164 2975 1191 3030 6*
1209 3007 1245 3016 -
1264 2993 1314 3030 000
1334 2985 1372 3032 εει
1391 2993 1463 3032 mera
1483 2981 1594 3046 privatio
1610 2979 1656 3032 bo·
1691 2975 1763 3032 rator
1783 2993 1809 3032 se
1829 2979 2008 3032 deordioando
2031 2985 2146 3032 meretur
2170 2979 2284 3032 ordinari
2302 2979 2330 3030 ln

343 3069 462 3132 puritati,
486 3069 618 3132 pluralitas
635 3081 684 3132 per
695 3071 824 3134 originem
846 3085 895 3124 000
911 3071 983 3124 addit
1019 3069 1059 3132 ni,
1080 3069 1128 3120 sed
1147 3073 1307 3130 potestesse
1325 3081 1386 3120 vera
1409 3069 1494 3134 passio
1513 3075 1539 3120 ει
1556 3075 1596 3120 εει
1613 3069 1656 3120 ali·
1691 3080 1778 3132 00000
1801 3069 1837 3120 ιιι
1855 3065 1907 3120 959
1926 3067 1944 3118 ι.
1967 3069 1980 3120 3
2007 3095 2041 3104 -κ
2064 3065 2198 3120 Ordinatio
2223 3079 2331 3132 peccan-

343 3169 391 3208 nec
411 3157 546 3220 componit
569 3171 618 3208 nec
641 3165 771 3222 repugnat
797 3159 952 3222 simplicitati
974 3161 981 3210 l
1018 3155 1080 3222 quid
1102 3155 1250 3208 ordinatum
1269 3153 1304 3208 ib.
1323 3153 1353 3204 6*
1369 3181 1406 3194 -
1424 3159 1509 3222 privat
1529 3157 1657 3210 bonoria·
1691 3159 1755 3208 tium
1776 3159 1814 3208 εει
1833 3159 1857 3206 60
1877 3155 1969 3224 000060
1987 3155 2022 3206 lV
2040 3155 2087 3206 936
2107 3155 2122 3206 i,
2146 3157 2160 3206 3

343 3243 378 3296 66
396 3241 474 3294 3*-
488 3245 511 3294 in
533 3259 582 3312 qua
605 3245 664 3310 plus
682 3249 720 3296 est
738 3247 762 3296 in
783 3245 886 3300 duobus
901 3261 981 3314 quam
1017 3249 1090 3296 turae
1110 3243 1272 3296 laudabiliter
1292 3249 1315 3296 ει
1331 3243 1448 3298 ordinate
1468 3243 1500 3298 ab.
1520 3243 1549 3296 5*
1741 3241 1878 3310 -Culpa
1898 3243 2066 3294 ordinaturin
2081 3241 2261 3306 0000066769
2281 3243 2297 3294 6.
2312 3245 2328 3296 6

342 3335 454 3400 60000,
473 3339 604 3398 repugnat
623 3333 792 3400 simplicitati,
815 3337 876 3400 quia
895 3339 981 3390 unitas
1069 3361 1107 3372 —-
1124 3345 1154 3384 ex
1175 3339 1247 3396 parte
1263 3325 1413 3386 nocumenti
1430 3333 1472 3384 rel
1496 3333 1558 3386 dicit
1576 3333 1654 3384 actio·
1689 3331 1742 3384 770
1761 3347 1785 3384 ε.
1803 3333 1839 3384 ιιι
1861 3331 1913 3384 966
1937 3345 1953 3382 0
1972 3357 2006 3368 -
2027 3331 2163 3384 Peccatum
2189 3345 2239 3384 000
2261 3329 2327 3384 ordi·

341 3419 415 3474 addit
434 3435 513 3486 supra
543 3423 681 3486 unitatem;
704 3421 751 3474 sed
780 3423 927 3490 pluralitas,
954 3427 981 3476 ιο
1017 3435 1077 3474 000
1097 3421 1133 3474 rei
1159 3419 1292 3486 laedentis,
1311 3423 1353 3474 vel
1372 3423 1521 3486 passionem
1546 3423 1581 3474 rei
1604 3423 1654 3474 lae·
1691 3427 1767 3472 natur
1787 3423 1836 3474 0606
1848 3419 1871 3472 60
1893 3433 1975 3484 00000
1989 3419 2022 3472 ιιι
2043 3417 2330 3496 ibitdarg.5—Pee·

342 3525 393 3578 qua
415 3513 513 3562 tanturn
543 3513 579 3564 εει
609 3511 633 3562 60
655 3511 775 3576 pluribus
803 3521 930 3578 quantum
954 3515 981 3564 in
1016 3525 1072 3576 sae,
1092 3509 1132 3564 vel
1160 3509 1290 3562 delectum
1308 3509 1419 3564 alicuius
1442 3509 1503 3562 boni
1529 3513 1548 3564 lt
1567 3511 1654 3564 8660
1691 3515 1779 3562 catum
1797 3511 1881 3562 statim
1908 3507 1985 3560 debet
2008 3507 2121 3560 ordinari
2149 3521 2197 3572 per
2216 3521 2333 3572 poenam¹

341 3613 408 3662 000,
431 3599 492 3650 nibil
509 3597 581 3650 addit
600 3597 633 3650 ad
653 3601 777 3652 unitatem
800 3601 877 3654 ι666
898 3599 928 3654 3*
1015 3613 1164 3652 —sensus
1182 3597 1244 3650 dicit
1256 3601 1427 3664 privationem
1441 3599 1617 3672 delectationis
1629 3605 1656 3654 et
1691 3599 1710 3650 ll
1730 3597 1780 3650 868
1800 3597 1816 3650 b
1836 3597 2166 3648 -idalumordinaturin
2187 3599 2328 3660 poenisor·

396 3701 511 3740 -veru
532 3693 570 3740 εει
588 3687 615 3738 60
633 3687 730 3740 divinis
749 3689 756 3738 l
777 3687 826 3742 666
847 3689 919 3744 b-
937 3705 981 3756 po·
1017 3689 1210 3756 quietispartis
1229 3689 1366 3740 sensitivae
1385 3689 1404 3740 ιι
1424 3687 1517 3740 9566*
1539 3717 1569 3728 -
1593 3691 1656 3744 Poe·
1691 3689 1750 3740 dine
1770 3689 1879 3742 iustitiae
1900 3687 1986 3738 16836
2006 3683 2043 3738 5*.
2063 3683 2114 3738 866
2135 3683 2333 3744 tt-ordinat
2382 3697 2385 3704 ·

341 3777 417 3828 sitive
437 3783 475 3828 est
494 3777 518 3828 in
539 3777 660 3828 divinisi
681 3777 876 3830 5360-006
899 3779 926 3830 60
945 3779 983 3830 di·
1017 3777 1218 3830 naeintensiias
1241 3777 1450 3828 nonattenditur
1475 3779 1654 3844 quantumad
1691 3791 1724 3828 00
1742 3777 1831 3840 modu,
1851 3787 1905 3842 quo
1918 3775 1991 3840 punit
2008 3775 2028 3828 ll
2041 3771 2094 3826 866
2107 3771 2136 3826 6*
2153 3771 2216 3828 Vide
2231 3773 2260 3828 V.
2274 3773 2329 3830 Mtt-

341 3863 410 3916 vinis
429 3861 573 3916 secundnm
587 3879 618 3918 00
636 3869 704 3930 0000
722 3865 812 3920 660006
829 3867 982 3920 relationem
1017 3869 1213 3926 nocumentum,
1233 3863 1280 3918 sed
1299 3871 1424 3930 quantum
1438 3865 1592 3918 adsensum
1610 3865 1656 3918 do·
1691 3861 1920 3920 lunt-ordinatio.

342 3951 423 4006 6398
443 3951 458 4004 b
478 3979 512 3990 -
530 3953 613 4006 estin
632 3951 729 4006 divinis
754 3969 803 4020 per
821 3957 981 4020 origineml
1017 3955 1079 4008 loris
1097 3953 1131 4008 lV
1157 3953 1201 4006 566
1234 3951 1269 4018 6*,
1300 3951 1327 4004 6*
1346 3981 1380 3992 -
1398 3955 1500 4008 Poenae
1529 3955 1656 4008 acerbitas
1743 3981 1780 3994 -
1798 3955 1867 4008 Deus
1888 3967 1934 4016 006
1947 3965 2060 4018 poenam
2078 3951 2180 4004 ordinat
2199 3951 2282 4004 malos
2294 3951 2329 4004 ad

342 4041 377 4092 66
395 4039 426 4092 3*
448 4041 699 4106 -suppositorum
726 4049 764 4096 est
794 4045 817 4096 in
848 4045 943 4096 divinis
968 4047 978 4098 l
1016 4059 1068 4098 non
1101 4047 1200 4098 tantum
1230 4047 1353 4108 pensatur
1378 4057 1409 4096 00
1436 4053 1509 4108 006ιο
1538 4047 1653 4112 agentis,
1691 4045 1817 4096 bonorem
1838 4053 1920 4094 suum
1934 4045 1961 4092 et
1984 4039 2034 4094 sibi
2055 4041 2142 4094 reddit
2159 4039 2290 4092 subiectos
2309 4041 2332 4098 ll,

341 4127 393 4182 536
413 4127 554 4182 3*-εει
571 4131 595 4182 60
617 4131 711 4182 divinis
724 4133 822 4184 ratione
842 4131 982 4186 distinctio·
1016 4137 1144 4200 quantum
1165 4131 1472 4196 expartepatieattstti
1493 4131 1592 4184 3606*
1649 4149 1656 4158 ·
1691 4131 1742 4182 867
1761 4131 1780 4182 b
1798 4159 1833 4170 -
1853 4131 1902 4196 Qui
1922 4129 2004 4182 Deum
2018 4131 2183 4182 inhonoravit
2203 4143 2249 4194 per
2262 4131 2334 4184 inor·¹

341 4221 382 4272 nis
400 4231 585 4284 personarum,
613 4233 680 4284 quae
699 4225 785 4272 tamen
815 4229 924 4288 propter
941 4237 981 4272 ae·
1070 4249 1107 4260 -
1124 4219 1228 4286 Aliquid
1247 4229 1286 4272 est
1309 4221 1418 4284 poenale
1436 4221 1478 4270 vel
1496 4233 1528 4272 ει
1547 4227 1651 4288 natura,
1690 4217 2328 4284 dinatamdelectationem,decensest,utDeum

341 4307 492 4376 qualitatem
510 4319 563 4360 non
584 4309 745 4362 constituunt
766 4307 874 4376 aliquod
896 4313 980 4362 totum
1016 4311 1059 4362 vel
1071 4311 1172 4362 ratione
1187 4307 1383 4360 inordinationis
1395 4309 1535 4362 voluntatis
1554 4309 1587 4362 tv
1602 4309 1653 4362 365
1689 4311 1799 4360 honoret
1817 4305 1971 4360 sustinendo
1988 4319 2102 4370 poenam
2124 4307 2153 4358 ill
2173 4305 2220 4358 666
2243 4321 2257 4356 0

341 4397 349 4446 l
370 4395 420 4448 356
441 4393 477 4460 3*,
498 4393 525 4446 6*
1017 4395 1047 4448 6*
1064 4425 1099 4436 -
1118 4395 1260 4448 poenalitas
1272 4401 1311 4448 εει
1327 4397 1353 4446 60
1373 4395 1506 4450 clientibus
1527 4401 1588 4462 irae,
1608 4401 1653 4450 im·
1740 4423 1778 4432 -
1790 4395 2068 4460 percomparationem
2080 4395 2329 4458 admeritumprae·

395 4511 431 4520 -
448 4485 474 4536 ln
488 4483 582 4536 divinis
596 4487 635 4536 est
647 4483 795 4550 pluralitas,
813 4487 837 4536 in
860 4499 911 4552 qua
925 4491 981 4538 tan·
1015 4487 1153 4550 patientiae
1167 4489 1192 4536 ει
1203 4483 1315 4538 invidiae
1328 4485 1347 4536 ll
1363 4485 1413 4536 866
1427 4501 1449 4550 0,
1464 4485 1489 4538 0,
1502 4485 1538 4538 lV
1551 4487 1617 4540 6030
1634 4487 1652 4540 0
1688 4485 1818 4536 existentis
1838 4483 1930 4546 culpae
1943 4483 2091 4536 manifestat
2110 4483 2231 4536 iustitiam
2250 4489 2277 4536 et
2288 4497 2327 4536 or-

340 4575 396 4626 turn
416 4575 441 4624 in
455 4569 576 4638 pluribus
594 4577 633 4624 est
645 4577 772 4638 quantum
787 4575 813 4626 in
831 4575 978 4626 0006666
1069 4573 1207 4640 -aliqua
1238 4579 1275 4626 est
1304 4575 1531 4656 purusndeiectus
1558 4577 1575 4628 ιι
1601 4575 1653 4628 856
1689 4571 1777 4626 dinem
1797 4575 1829 4626 tv
1850 4573 1881 4626 38
1904 4569 1931 4622 6*
1951 4571 2138 4624 -066600660
2164 4573 2327 4638 peccantium

341 4659 371 4714 3*
383 4687 417 4698 -·
433 4663 457 4712 ln
470 4659 567 4712 divinis
579 4665 680 4712 tantum
697 4667 737 4714 est
749 4663 772 4712 in
790 4665 885 4716 unitate
899 4677 980 4730 quan·
1016 4665 1032 4716 i.
1053 4661 1068 4714 6
1086 4693 1122 4702 -κ
1140 4661 1203 4716 dicit
1229 4661 1333 4728 aliquod
1360 4665 1458 4716 malum
1484 4669 1507 4716 et
1533 4665 1653 4728 privatio·
1688 4663 1745 4714 sive
1763 4663 1863 4726 peccati
1888 4661 1915 4710 in
1933 4673 2018 4722 poena
2039 4661 2186 4714 manifestat
2207 4663 2328 4714 decorem

340 4755 396 4802 tunt
422 4751 447 4800 in
472 4749 632 4814 pluralitate,
654 4749 702 4800 sed
728 4763 777 4804 non
805 4757 840 4804 tot
860 4751 979 4804 modisl
1015 4767 1074 4806 nem
1095 4753 1203 4804 alieuius
1223 4749 1326 4804 000606
1346 4751 1444 4806 ordinis
1464 4753 1653 4818 08500606
1689 4751 1794 4804 divinae
1811 4749 1953 4816 sapientiae
1974 4749 2000 4800 ill
2021 4749 2072 4800 669
2093 4751 2144 4800 66
2177 4777 2180 4782 ,

340 4837 391 4890 356
412 4835 537 4890 3*-ιο
559 4839 654 4890 divinis
680 4839 792 4892 excludit
812 4839 979 4894 solitudinem
1014 4841 1164 4894 -dicitur
1187 4853 1245 4892 esse
1268 4845 1358 4892 contra
1381 4851 1515 4908 neutram,
1544 4845 1569 4894 ut
1593 4843 1653 4896 dicit
1742 4865 1779 4878 -
1797 4839 1891 4892 italum
1913 4851 2013 4902 000000
2026 4845 2109 4902 potest
2129 4851 2187 4890 esse
2207 4853 2223 4892 a
2240 4833 2289 4890 Dea
2306 4837 2327 4890 ιι

339 4925 524 4980 6663*.631
550 4941 564 4978 0
1015 4931 1121 4998 aliquod
1140 4929 1255 4994 bonum,
1281 4929 1354 4998 quod
1377 4929 1443 4982 inest
1469 4937 1603 4986 creaturae
1620 4943 1653 4984 ex
1689 4929 1723 4980 38
1742 4927 1768 4980 6.
1789 4929 1811 4980 5.
1840 4925 1890 4980 666
1910 4923 1938 4978 3*
1957 4953 1992 4966 -
2011 4927 2097 4980 omnis
2123 4933 2165 4980 est
2191 4941 2206 4980 a
2230 4927 2283 4980 000
2306 4927 2327 4980 tt

393 5043 429 5052 —
447 5013 493 5066 ubi
511 5019 550 5066 est
569 5015 625 5068 sine
642 5013 749 5082 ordine,
767 5021 813 5070 006
830 5023 870 5070 εει
887 5019 981 5072 conia·
1000 5011 1062 5070 'sua
1080 5019 1196 5084 origine,
1215 5017 1261 5070 sed
1287 5025 1326 5072 est
1352 5019 1495 5072 secundum
1515 5027 1650 5088 naturam,
1689 5017 1741 5070 865
1769 5017 1787 5070 ι.
1805 5017 1821 5070 5
1841 5043 1876 5056 -
1895 5019 1933 5070 est
1952 5015 2036 5068 0000
2054 5019 2083 5066 06
2102 5029 2116 5068 0
2141 5017 2270 5082 066006060
2288 5029 2328 5068 or-

340 5105 393 5168 sio,
412 5109 456 5156 ant
475 5103 592 5154 simultas
611 5103 690 5154 16t3
709 5101 740 5154 3*
755 5133 793 5144 -
806 5105 855 5158 Ubi
869 5115 907 5160 εει
920 5109 978 5172 plu·
1014 5109 1041 5160 in
1055 5111 1181 5174 quantum
1194 5107 1251 5158 eins
1269 5105 1397 5162 ordinatio
1411 5107 1528 5160 subiacet
1547 5109 1653 5160 divinae
1689 5105 1756 5158 diois
1778 5113 1803 5160 ει
1825 5105 2000 5170 dispositionis
2023 5103 2106 5156 66853
2123 5107 2226 5156 0-60
2245 5115 2329 5170 0000-ΙῚ

338 5193 428 5244 ralitas
446 5193 522 5244 realis
540 5193 596 5244 sine
610 5191 717 5258 ordine,
734 5201 771 5246 est
784 5195 903 5250 conlusio
917 5195 978 5250 ttid.
1014 5197 1126 5250 iustitiae
1142 5195 1161 5246 ll
1182 5193 1233 5246 853
1251 5193 1281 5246 3*
1299 5223 1332 5232 -··
1354 5195 1446 5248 italum
1467 5211 1566 5262 poenae
1591 5197 1653 5250 dicit
1688 5199 1744 5246 tum
1764 5193 1825 5246 dicit
1844 5191 1977 5260 ordinem,
2003 5197 2044 5244 est
2069 5207 2085 5244 a
2106 5193 2159 5244 000
2185 5193 2206 5244 ιι
2233 5191 2326 5244 8660.

394 5281 484 5334 Pauus
504 5307 537 5316 -
558 5285 642 5346 006006
653 5283 772 5346 generari
790 5285 884 5338 virtute
902 5297 980 5350 supe·
1015 5281 1240 5336 deordinationem
1253 5283 1352 5336 ordinis
1364 5297 1416 5336 non
1429 5285 1653 5352 principalis,sed
1689 5283 1741 5334 856
1771 5281 1807 5334 6*.
1836 5281 1887 5334 867
1917 5281 1941 5332 6.
1970 5283 1993 5334 6.
2030 5281 2079 5332 868
2109 5279 2134 5334 6.
2162 5281 2231 5332 3-
2249 5287 2289 5334 εει
2312 5295 2328 5334 a

340 5371 441 5428 riorum
459 5381 601 5434 corporum
619 5371 726 5422 iaciente
746 5371 917 5424 elevationem
936 5389 979 5426 va·
1015 5373 1178 5438 particularis
1194 5373 1213 5424 ll
1236 5373 1286 5424 666
1306 5369 1333 5424 3*
1689 5371 1757 5434 000,
1778 5373 1943 5438 inquantum
1966 5369 2026 5422 dicit
2039 5367 2163 5432 punibiiis
2182 5367 2327 5436 dispositio-

339 5469 435 5524 porum
454 5457 488 5508 tv
508 5455 558 5508 976
578 5457 594 5508 b
614 5485 648 5496 -·
668 5459 752 5512 inlusa
770 5463 854 5512 terrae
874 5461 978 5514 habenti
1068 5489 1104 5502 -··
1121 5461 1220 5514 Nomen
1249 5475 1350 5526 poenae
1373 5463 1525 5528 impositum
1553 5467 1593 5514 est
1619 5461 1662 5514 ab,
1689 5473 1749 5512 nem
1769 5461 1789 5510 ιι
1806 5459 1858 5512 863
1877 5455 1908 5508 6*
1924 5487 1960 5496 -
1979 5459 2077 5510 ratione
2094 5463 2166 5512 actus
2183 5465 2211 5512 et
2228 5459 2327 5512 ordinis

338 5547 365 5598 ln
384 5559 411 5598 εε
431 5547 615 5612 seminarium,
634 5547 768 5600 faciteam
788 5553 978 5614 germinarent
1014 5547 1102 5604 ardiae
1126 5555 1150 5602 ει
1175 5549 1246 5616 quod
1272 5553 1332 5602 dicit
1359 5553 1476 5604 nominat
1500 5555 1527 5604 ut
1552 5549 1653 5604 ordina·
1689 5553 1759 5600 estu
1780 5549 1833 5600 000
1853 5547 1884 5602 it.
1907 5545 1941 5612 6*,
1964 5545 1993 5598 5*
2012 5549 2179 5612 -Poenae,
2200 5549 2327 5616 inquam

339 5633 428 5688 6980
667 5697 668 5700 ¹
1014 5643 1070 5690 tum
1089 5641 1109 5690 ll
1128 5637 1335 5692 8550-6600
1354 5623 1473 5692 ordinem
1493 5639 1652 5692 circaomne
1689 5643 1744 5690 tum
1763 5643 1803 5690 est
1820 5637 1952 5700 ordinata,
1973 5637 2187 5690 causaordlnans
2207 5643 2245 5690 εει
2264 5637 2327 5690 divi-

339 5789 341 5794 ,
394 5721 474 5772 00000
494 5749 528 5760 -·
548 5729 586 5776 est
608 5723 680 5790 quod
704 5725 780 5776 maiis
806 5727 903 5778 meritis
922 5727 978 5778 red·
1013 5727 1041 5778 id
1069 5725 1141 5792 quod
1171 5729 1293 5790 importat
1315 5725 1377 5780 6066.
1394 5755 1431 5766 -
1448 5733 1487 5778 εει
1514 5727 1651 5790 dispositio
1689 5739 1722 5778 na
1741 5727 1835 5780 iustitia
1855 5727 1862 5778 t
1880 5723 1933 5778 760
1952 5725 1971 5778 0
1990 5753 2025 5764 -·
2044 5727 2141 5790 00060,
2161 5727 2325 5792 inquantum

339 5811 409 5864 ditur
428 5811 438 5862 l
455 5807 508 5862 767
527 5809 544 5860 ι.
566 5811 630 5862 6-
647 5811 771 5876 estquod
791 5813 916 5878 infligitur
929 5829 977 5880 pro
1013 5817 1131 5868 ordinata
1154 5815 1299 5868 secundum
1323 5815 1446 5868 iustitiam
1475 5815 1563 5868 66853
1582 5829 1652 5868 0-
1683 5821 1728 5868 ἐει
1746 5829 1845 5882 00000,
1873 5819 1942 5866 esta
1966 5817 2018 5868 000
2045 5815 2148 5866 volente
2171 5817 2196 5864 ει
2222 5819 2326 5868 0006060

338 5901 447 5964 0000060
475 5897 493 5948 ιι
522 5895 573 5950 956
602 5911 657 5964 arg.
686 5897 754 5948 l—
773 5907 813 5952 εει
839 5899 976 5954 retributio
1013 5903 1062 5956 sub
1089 5903 1188 5956 rationo
1216 5917 1316 5966 poenae
1343 5901 1406 5954 dicit
1433 5903 1549 5970 aliquid,
1578 5905 1651 5972 quod
1688 5907 1706 5958 ll
1736 5905 1787 5958 865
1813 5919 1829 5956 0
1857 5931 1892 5942 -
1920 5901 1971 5956 sub
1994 5905 2094 5956 ratione
2121 5915 2223 5966 000000
2249 5911 2326 5956 esta

337 5989 438 6054 peccati
459 5987 479 6040 ll
505 5985 597 6038 8636.
625 5989 633 6038 t
657 5992 753 6040 -est
775 5987 889 6040 vindicta
918 6003 977 6054 pec·
1013 5991 1118 6054 respicit
1136 5991 1269 6054 ordinem,
1290 5991 1333 6056 qui
1348 5991 1488 6042 attenditur
1502 5993 1649 6048 secundum
1688 5995 1742 6048 000
1761 5995 1779 6044 ll
1800 5993 1850 6046 878
1869 6007 1884 6046 a
1901 5997 1986 6046 -ut
2003 5991 2121 6044 deiectus
2141 5997 2179 6044 εει
2198 6005 2213 6042 0
2232 5991 2326 6048 00006

337 6077 387 6130 cati
403 6073 441 6128 t'b.
458 6075 474 6126 i.
497 6077 520 6128 3.
540 6075 591 6130 856
614 6089 669 6142 arg.
696 6077 720 6128 l.
746 6075 778 6128 lV
800 6075 850 6128 366
870 6077 886 6126 6.
905 6075 976 6130 5-
1013 6079 1136 6132 ultionem
1156 6077 1260 6130 divinae
1279 6079 1389 6132 iustitiae
1407 6081 1426 6132 ll
1445 6079 1495 6132 856
1515 6081 1546 6132 ι*
1687 6083 1852 6150 permittente
1869 6081 1878 6132 l
1897 6079 1947 6132 760
1970 6079 1997 6132 6*

335 6165 441 6218 Nullum
453 6171 493 6216 est
511 6167 633 6218 meritum
652 6181 753 6232 poenae
770 6167 820 6220 nisi
838 6159 974 6232 peccatum
1064 6167 1209 6218 -omnis
1238 6167 1408 6234 inquantum
1438 6171 1494 6222 talis
1517 6179 1557 6226 est
1583 6173 1649 6224 iusta
1740 6161 1878 6224 -''omnis
1897 6183 1913 6222 a
1931 6169 1985 6222 000
2007 6177 2058 6234 εει,
2075 6183 2145 6236 quae
2168 6167 2246 6222 babet
2264 6169 2327 6220 sirn-

336 6255 354 6307 ll
376 6253 426 6306 850
446 6267 504 6318 arg.
522 6253 537 6304 5
1012 6263 1037 6310 et
1050 6255 1167 6310 ordinata
1181 6253 1253 6306 6760
1268 6251 1384 6308 bition
1400 6255 1433 6312 1*.
1443 6257 1495 6312 866
1508 6257 1545 6312 6*.
1559 6259 1611 6312 855
1623 6257 1650 6312 6*
1688 6261 1789 6324 pliciter
1806 6259 1932 6312 rationem
1945 6271 2047 6322 poenae
2064 6257 2083 6310 ll
2100 6255 2168 6314 6005
2186 6261 2241 6322 arg.
2263 6255 2327 6314 t-

389 6349 482 6396 -est
510 6345 624 6408 malum,
650 6345 723 6412 quod
754 6345 869 6408 patimur
895 6345 974 6396 6768
1013 6343 1326 6400 -0mnisestordinata
1340 6343 1425 6400 66665
1439 6345 1455 6396 i.
1477 6349 1650 6402 anamais
1686 6363 1754 6414 qnae
1774 6363 1841 6414 pore
1863 6359 1946 6414 poena
1966 6351 2018 6410 εει,
2039 6359 2087 6398 000
2114 6345 2191 6408 00600
2222 6357 2269 6396 000
2292 6345 2334 6398 de
2418 6381 2419 6384 η

335 6445 391 6498 arg.
409 6429 436 6484 ’6.
456 6433 473 6484 tl
495 6429 546 6484 865
571 6447 629 6496 arg.
649 6433 674 6486 i.
701 6433 791 6486 8566.
811 6435 826 6486 6
843 6461 881 6474 -
899 6441 976 6486 sonat
1012 6435 1078 6488 iusta
1097 6439 1149 6498 est,
1168 6431 1313 6486 secundum
1337 6435 1410 6498 quod
1429 6439 1467 6486 εει
1492 6435 1608 6488 06660060
1628 6437 1646 6488 ιι
1687 6451 1715 6490 se
1729 6435 1846 6490 ordinata
1859 6433 2024 6500 adsumam,
2042 6441 2080 6486 est
2099 6433 2213 6486 000066
2232 6433 2284 6486 768
2298 6431 2326 6484 6*

335 6523 361 6572 60
376 6523 525 6586 passionem
544 6521 625 6574 1768
644 6519 661 6572 b
680 6549 714 6560 -
733 6523 819 6576 omnis
842 6525 870 6576 in
891 6537 975 6588 quan·
1012 6523 1113 6576 8666*
1129 6549 1166 6562 ·-
1184 6521 1293 6586 illalum,
1306 6523 1450 6576 secundnm
1470 6525 1544 6590 qnod
1560 6527 1647 6590 punit,
1684 6525 1779 6576 -illa
1800 6531 1838 6578 est
1863 6539 1876 6578 a
1896 6523 1965 6588 Deo,
1989 6537 2057 6588 quae
2082 6519 2144 6574 dicit
2170 6523 2325 6586 positionem

335 6615 390 6660 tunt
409 6621 494 6672 poena
508 6613 546 6660 est
559 6611 646 6676 passio
664 6609 699 6664 it.
717 6609 748 6662 3*
764 6615 852 6662 -εει
874 6611 974 6664 allectio
1011 6619 1050 6666 est
1068 6613 1215 6666 ordinatum
1235 6609 1297 6664 inid.
1315 6637 1349 6648 —·
1370 6615 1453 6664 omnis
1478 6619 1517 6666 cst
1535 6613 1650 6666 laudabi·
1687 6615 1742 6666 sine
1771 6613 1967 6666 deordinatione
1993 6611 2012 6662 ll
2038 6609 2090 6662 855
2117 6609 2189 6662 b-
2208 6619 2236 6666 ut
2262 6609 2324 6662 dicit

334 6697 619 6752 60006006066067676.
634 6697 656 6750 3.
669 6699 688 6750 ll
701 6699 753 6750 566
766 6695 867 6750 3*.865
879 6713 935 6766 arg.
948 6701 972 6752 6.
1011 6701 1042 6754 lis
1061 6705 1084 6754 ει
1112 6703 1179 6754 iusta
1202 6701 1229 6750 in
1253 6705 1379 6768 quantum
1403 6715 1503 6768 poena,
1525 6701 1572 6756 sed
1597 6717 1649 6754 000
1686 6703 1834 6768 passionem
1866 6701 1909 6752 rel
1933 6701 2076 6762 actionem,
2106 6699 2237 6768 quaedam
2265 6699 2324 6750 dici-

336 6783 388 6838 866
406 6799 431 6836 0.
450 6785 502 6838 053
520 6785 536 6838 ι.
558 6787 677 6840 3—est
695 6789 782 6852 passio
802 6788 974 6840 involuntaria
1011 6787 1156 6842 secundum
1176 6789 1202 6842 id
1221 6789 1294 6856 quod
1313 6791 1352 6840 est
1370 6789 1387 6840 ιι
1409 6789 1459 6842 866
1481 6787 1509 6840 ι*
1526 6817 1563 6830 -
1581 6789 1650 6842 Deus
1688 6797 1730 6844 tur
1747 6803 1844 6842 essen
1871 6789 1938 6854 Deo,
1966 6787 2097 6854 quaedam
2125 6801 2177 6840 non
2205 6785 2268 6842 tttd.
2290 6815 2325 6824 -—

333 6873 498 6926 inrationali
522 6881 639 6928 creatura
665 6874 762 6930 16716
786 6875 803 6928 ι.
830 6875 839 6928 6
874 6903 908 6916 ·-
936 6883 975 6930 est
1011 6879 1095 6930 iustus
1105 6889 1215 6942 poenam
1231 6891 1281 6930 non
1297 6883 1412 6942 acceptat
1422 6877 1566 6932 secundum
1577 6877 1649 6946 quod
1687 6891 1739 6932 non
1767 6879 1848 6940 babet
1869 6877 2001 6942 exemplar
2020 6877 2045 6926 60
2065 6875 2118 6930 000
2145 6885 2273 6944 quantum
2291 6875 2324 6930 ad
