5792 8392
519 601 584 666 688
1344 595 1456 662 tabat·
1481 593 1672 662 SECUNDUS

800 687 882 738 attala
2138 683 2222 734 Pata

521 777 606 828 officio
632 775 665 828 17
692 775 742 826 636
768 773 793 824 6.
821 775 830 826 6
861 775 1160 840 —Quantumcumque
1196 785 1265 824 a-
1284 771 1405 824 Perfecto
1427 771 1589 836 praelationis
1608 771 1723 822 consistit
1747 771 1770 820 in
1792 785 1830 822 re·
1869 767 2013 824 secundum
2034 775 2085 822 tres
2105 767 2300 822 dotesanimae
2319 767 2419 822 111767
2438 785 2451 822 6
2472 797 2507 810 -

516 863 615 928 aliquis
632 863 696 914 velit
713 859 879 926 praedicare,
893 863 941 914 nisi
953 869 1026 914 exeat
1038 863 1064 914 in
1078 873 1158 924 opus,
1196 861 1293 924 gimine
1319 857 1483 910 subditorum
1507 857 1533 910 ill
1554 857 1606 908 666
1625 871 1638 908 6
1657 885 1694 896 -
1712 865 1830 910 tenentur
1868 857 2036 910 substantiale
2054 857 2171 908 consistit
2187 857 2213 908 in
2234 857 2332 908 visione
2349 863 2373 908 ei
2385 857 2506 910 fruitione

522 963 574 1004 non
593 957 709 1002 atteretur
727 949 860 1000 aureolam
881 951 915 1002 17
934 949 986 1002 767
1005 949 1023 1002 6
1196 947 1228 998 66
1249 947 1374 998 maiorem
1394 945 1578 1008 perfectionem
1599 959 1679 1010 quarn
1693 943 1829 998 subdititii
1870 947 1913 998 066
1933 949 1959 998 ut
1979 945 2138 998 fundamenti
2159 945 2355 996 etsubstontiae
2368 947 2445 998 totius
2464 959 2508 998 no·

573 1067 608 1076 -
629 1045 736 1102 possunt
756 1037 821 1090 dare
837 1037 1026 1102 indulgentiam
1040 1051 1071 1088 ea
1085 1039 1158 1100 parte
1196 1035 1248 1086 660
1267 1033 1284 1084 6.
1298 1035 1313 1084 3
1325 1059 1362 1072 -
1373 1033 1480 1082 Summa
1496 1033 1633 1098 perfectio,
1649 1047 1717 1098 quae
1731 1047 1746 1086 a
1759 1043 1830 1094 prae·
1868 1037 1936 1084 sirac
1955 1031 2122 1086 beatitudinis
2140 1033 2160 1084 11
2178 1031 2232 1084 936
2249 1045 2264 1082 6
2283 1057 2318 1070 -
2337 1033 2453 1096 primurn
2469 1039 2506 1086 est

521 1127 653 1190 episcopi,
675 1125 720 1178 sed
741 1139 791 1178 non
812 1127 962 1178 auctoritate
981 1121 1110 1176 ordinaria
1127 1121 1158 1174 17
1196 1121 1385 1186 latoettigitur,
1404 1127 1457 1184 est,
1478 1126 1506 1172 oi
1533 1127 1614 1184 ponat
1640 1121 1754 1172 animam
1784 1133 1830 1182 pro
1869 1121 1982 1182 cognitio
2000 1121 2249 1174 divinaeessentiae
2267 1121 2288 1172 li
2308 1121 2507 1174 1636-666-

521 1211 573 1266 636
593 1211 622 1264 6*
640 1241 675 1252 -
701 1211 925 1266 praedicatoribus
953 1211 1029 1262 dator
1055 1211 1159 1274 privile·
1196 1207 1308 1262 subditis
1325 1205 1386 1262 iaia.
1406 1208 1544 1260 —malus
1565 1211 1590 1260 et
1615 1209 1671 1260 eius
1695 1213 1830 1274 peccatum
1869 1205 1986 1258 stantiale
2003 1211 2119 1262 consistit
2143 1211 2169 1262 iu
2197 1207 2312 1262 videndo
2339 1217 2364 1262 et
2391 1209 2505 1262 amando

521 1301 594 1364 glum
620 1301 744 1354 audiendi
763 1301 940 1354 confessiones
958 1299 992 1350 17
1012 1297 1062 1350 663
1081 1297 1098 1350 6
1119 1311 1158 1364 sq.
1196 1299 1307 1350 multum
1326 1295 1400 1348 obest
1418 1295 1542 1362 subditis,
1556 1301 1579 1346 et
1592 1297 1649 1346 eius
1668 1299 1749 1350 oratio
1767 1295 1831 1346 mul·
1871 1295 1950 1346 ileum
1971 1295 1999 1346 111
2019 1295 2070 1346 677
2093 1295 2120 1349 6*
2138 1325 2174 1338 ·-
2191 1295 2359 1350 substantiale
2377 1303 2418 1350 est
2441 1311 2505 1362 gau·

574 1391 723 1442 Patauinum
744 1417 777 1428 -
797 1387 830 1440 de
848 1389 1015 1450 contingente
1033 1391 1072 1436 est
1088 1391 1156 1436 cerlo
1196 1393 1251 1436 tum
1270 1385 1378 1448 prodest
1395 1385 1421 1434 66
1442 1385 1524 1448 ipsius
1550 1385 1704 1448 poenitentia
1730 1393 1755 1436 et
1772 1397 1832 1434 sao·
1871 1383 1941 1434 dium
1956 1383 1989 1434 66
2003 1385 2197 1450 participatione
2212 1387 2255 1438 Dei
2267 1385 2379 1450 perfecta
2391 1385 2425 1438 17
2438 1385 2506 1438 6006

521 1481 545 1528 66
565 1477 717 1544 infallibilis,
736 1475 783 1530 sed
803 1489 853 1526 uon
873 1475 1017 1528 necessaria
1036 1475 1045 1526 l
1065 1473 1116 1526 679
1135 1487 1158 1526 6.
1196 1475 1280 1526 6661666
1298 1473 1329 1526 17
1350 1471 1439 1526 3666
1870 1483 1883 1520 6
1907 1469 1969 1522 7666
1992 1469 2020 1522 7.
2042 1469 2187 1526 Gaudium.
2207 1473 2410 1526 -Substantia
2434 1487 2508 1538 prae·

521 1561 1159 1628 7636.6-6666616666666666666166666
1248 1587 1283 1602 —-
1303 1561 1407 1612 96661666
1437 1563 1551 1612 officium
1579 1565 1619 1614 est
1645 1559 1779 1614 inferiores
1808 1559 1831 1610 in
1871 1559 1914 1608 mii
1934 1559 2049 1610 consistit
2066 1559 2091 1610 in
2106 1563 2251 1624 cognitione
2264 1569 2290 1614 et
2303 1561 2439 1614 dilectione
2451 1561 2506 1626 glo-

521 1653 598 1706 1677
620 1667 674 1718 arg.
696 1653 720 1704 6.
740 1651 791 1716 aia
812 1651 837 1702 b.
856 1649 1158 1702 6796--1166166666
1195 1649 1279 1716 gradu
1300 1663 1347 1702 suo
1367 1655 1478 1702 statuere
1497 1657 1521 1702 et
1541 1649 1668 1700 collocare
1690 1651 1715 1700 in
1742 1647 1832 1700 ordine
1871 1647 1937 1698 alosa
1956 1649 1986 1698 111
2005 1647 2094 1700 asab

521 1745 597 1794 tentia
618 1755 665 1806 per
693 1739 857 1806 prophetiam
887 1739 1033 1804 praedicata
1065 1739 1157 1790 matari
1195 1745 1219 1792 et
1238 1751 1343 1790 murum
1365 1751 1461 1802 ponere
1484 1753 1512 1790 se
1537 1739 1592 1790 sive
1619 1751 1727 1802 gregem
1754 1749 1837 1788 sunm·
1923 1761 1956 1772 --
1976 1733 2142 1788 substantiale
2162 1741 2200 1790 est
2218 1737 2317 1790 honum
2343 1739 2504 1790 aeternumi

522 1835 605 1894 polest
626 1829 651 1880 111
672 1829 722 1880 668
743 1823 772 1880 6*
789 1855 825 1864 ⁴-
843 1827 990 1880 futororum
1011 1827 1104 1878 dicitur
1125 1825 1158 1878 di·
1195 1825 1334 1880 defendere
1354 1827 1387 1879 17
1407 1827 1458 1878 667
1478 1829 1496 1880 1)
1871 1821 1922 1872 316
1941 1823 1958 1874 f.
1979 1823 1995 1874 6
2015 1851 2049 1862 -
2066 1825 2236 1878 substantiale
2254 1829 2294 1876 661
2306 1825 2475 1880 inamissibile
2488 1827 2505 1880 11

520 1919 632 1982 6666666,
650 1919 711 1982 quia
731 1929 761 1970 ea
781 1923 850 1968 cerie
871 1917 937 1966 scire
955 1913 1158 1966 estaotusdiui·
1248 1943 1282 1954 -
1303 1915 1351 1980 Qui
1372 1915 1449 1968 babet
1468 1917 1832 1980 plettantpotestatemsuper
1870 1911 1920 1960 288
1940 1925 1952 1960 6
1973 1937 2007 1950 ·-··
2026 1913 2142 1964 6666616
2162 1919 2199 1966 esi
2218 1913 2506 1966 66666666176666*

521 2017 570 2058 nus
590 2003 606 2054 11
629 2003 712 2056 1966
1196 2003 1324 2068 praelatos
1342 2003 1477 2056 inferiores
1497 2017 1547 2054 nun
1566 2009 1605 2056 est
1624 2003 1831 2066 tantumpraela·
1868 2027 1903 2036 -—
1922 1997 2088 2052 substantiale
2117 2007 2156 2052 est
2183 2001 2334 2054 invariabile
2363 2003 2371 2054 1
2401 2003 2452 2054 160
2478 2001 2505 2054 6*

575 2121 606 2132 -
627 2093 697 2144 Deus
716 2097 801 2156 potest
814 2091 964 2156 praedicere
978 2091 1152 2142 6666661631
1196 2091 1385 2144 tusmediattis
1402 2100 1523 2156 respectu
1544 2093 1695 2142 inferiorum
1718 2093 1735 2142 ll
1762 2089 1830 2142 6066
1873 2085 1935 2140 Vide
1958 2087 1986 2138 V.
2004 2085 2079 2140 Bettit'
2099 2095 2123 2140 el
2144 2089 2174 2140 V.
2192 2087 2342 2144 Bcoit'fttdo.

520 2181 546 2234 6.
567 2181 629 2234 6.11
648 2183 699 2232 638
718 2195 748 2246 6,
770 2179 799 2230 6*
818 2205 854 2216 -
873 2179 950 2230 casus
968 2193 1019 2232 non
1032 2179 1102 2244 cogit
1117 2178 1158 2231 de·
1194 2178 1218 2231 d.
1240 2183 1256 2232 6
1922 2201 1956 2210 -
1975 2175 2143 2228 substantiale
2163 2183 2201 2230 est
2221 2193 2302 2230 unum
2321 2179 2339 2228 11
2361 2177 2412 2230 666
2426 2177 2463 2232 3*.
2478 2179 2503 2230 111

520 2283 626 2336 sperare
644 2271 711 2322 sicut
729 2267 940 2322 6666166161636
955 2267 979 2318 6.
995 2267 1019 2320 6.
1031 2269 1050 2318 11
1067 2265 1157 2318 1301*
1247 2295 1281 2306 -·
1302 2267 1326 2318 Si
1346 2267 1476 2330 praelatus
1496 2269 1617 2330 superior
1634 2267 1752 2332 iniungat
1770 2267 1830 2318 infe·
1868 2261 1920 2314 558
1936 2263 1950 2312 f.
1965 2265 1992 2316 2.
2005 2265 2055 2316 806
2069 2265 2114 2316 63
2133 2263 2194 2318 Vide
2210 2267 2241 2318 7.
2253 2265 2504 2320 Merces-unum

577 2361 796 2410 Parabantuaaait
815 2355 1157 2408 -inuaturisunibilibos
1194 2357 1269 2420 riori,
1289 2363 1317 2410 ut
1334 2357 1395 2408 nibil
1416 2357 1558 2422 praecipiat
1580 2357 1698 2418 subdito,
1726 2359 1774 2408 666
1795 2363 1830 2408 ta·
1868 2357 1906 2402 est
1925 2355 2042 2404 omnium
2061 2353 2128 2406 sicut
2145 2353 2277 2408 obiectum
2297 2359 2322 2406 ct
2341 2369 2388 2420 per
2408 2356 2505 2408 coufor-

519 2445 580 2498 facit
597 2447 632 2498 ad
650 2447 849 2498 contessionem
878 2447 956 2496 onius
982 2447 1008 2496 in
1037 2451 1155 2496 naturam
1194 2459 1253 2496 men
1272 2457 1323 2494 non
1343 2443 1404 2496 dicit
1430 2445 1551 2508 subdito,
1577 2445 1700 2498 subditus
1729 2449 1830 2498 tenetur
1869 2441 1983 2492 ntitatem
2003 2441 2170 2494 beatitudinis
2188 2443 2220 2494 17
2242 2443 2309 2496 6060
2328 2441 2346 2496 6
2366 2457 2406 2510 sq.

520 2533 639 2600 alteriue,
660 2533 701 2586 vel
721 2533 755 2586 ad
774 2531 952 2584 fundationem
971 2537 998 2584 et
1018 2531 1153 2584 substanti·
1194 2531 1302 2586 obedire
1328 2533 1443 2584 inferiori
1467 2533 1584 2598 praelato
1610 2533 1777 2598 praecipienti
1798 2531 1830 2584 17
1922 2531 2502 2600 *66166666666666666666666666666-

521 2621 663 2676 ficationem
685 2625 762 2674 unius
788 2621 816 2672 66
843 2621 924 2674 altero
949 2621 977 2674 lii
1005 2621 1053 2672 163
1082 2635 1097 2672 6
1123 2651 1157 2662 -
1193 2621 1245 2674 763
1265 2619 1326 2672 di
1486 2627 1487 2630 ’
1869 2617 2039 2670 6616111801
2066 2615 2093 2668 1*
2110 2645 2145 2658 -
2165 2621 2283 2672 omnium
2303 2621 2430 2672 uirtutum
2448 2637 2505 2686 per·

519 2711 630 2776 Quando
643 2711 727 2778 aliqua
739 2709 792 2762 duo
803 2711 936 2774 uniuntur,
950 2725 1064 2776 quorum
1075 2723 1155 2764 unum
1246 2735 1280 2750 -
1290 2713 1398 2774 possunt
1408 2723 1437 2762 se
1447 2711 1605 2776 cuicumque
1615 2711 1742 2762 sacerdoti
1753 2709 1830 2762 subii·
1868 2705 1964 2758 duntur
1985 2721 2037 2760 uuo
2055 2707 2118 2760 vitio
2131 2717 2240 2774 propter
2251 2709 2355 2760 illarum
2369 2711 2505 2762 connexio-

519 2799 732 2864 praedominatur
752 2799 837 2864 alteri,
858 2801 1062 2864 praedominans
1080 2801 1157 2852 trabit
1194 2813 1253 2852 cere
1271 2801 1297 2850 in
1318 2801 1479 2850 confessione
1499 2801 1529 2850 17
1550 2799 1601 2852 610
1622 2799 1638 2852 6
1658 2813 1699 2866 sq.
1711 2827 1748 2838 —
1761 2799 1830 2850 Pote-
1868 2807 1928 2846 nent
1946 2793 2008 2848 iaia.

519 2887 551 2940 66
566 2903 592 2940 66
605 2887 669 2941 illud
688 2891 729 2942 cui
751 2887 963 2952 praedominatur
983 2889 1012 2942 111
1032 2887 1083 2938 667
1102 2889 1120 2940 f.
1141 2887 1155 2940 i
1193 2895 1257 2940 state
1276 2887 1441 2952 praelationis
1459 2901 1508 2952 par
1526 2901 1576 2938 non
1592 2895 1677 2950 potest
1690 2891 1769 2954 ligare
1783 2903 1830 2954 pa·
1921 2911 1954 2924 -
1972 2893 2032 2938 suat
2045 2885 2187 2938 differentia
2201 2889 2268 2940 sient
2281 2889 2371 2940 merita
2384 2887 2418 2940 17
2433 2887 2502 2940 1010

572 2977 742 3030 9666666666
766 3003 801 3014 -
827 2989 874 3040 per
898 2975 1008 3028 modum
1034 2975 1155 3028 desiderii
1193 2989 1248 3028 rem
1268 2989 1317 3026 nec
1334 2977 1498 3040 superiorem
1518 2975 1552 3028 17
1572 2975 1654 3028 6396
1869 2975 1885 3024 6.
1904 2971 1935 3038 3,
1954 2971 1971 3026 6
1991 2979 2082 3026 -est
2102 2975 2224 3028 differens
2249 2977 2389 3042 quantitate
2415 2975 2502 3042 gaudii

518 3065 643 3132 supponit
660 3065 828 3128 electionem,
849 3077 901 3116 non
920 3077 951 3116 ea
970 3077 1037 3130 quae
1058 3071 1096 3116 esi
1108 3079 1155 3128 per
1240 3089 1279 3124 ¹--·
1298 3065 1454 3128 principales
1473 3065 1498 3114 in
1517 3065 1629 3116 Ecclesia
1641 3073 1701 3118 sunt
1713 3065 1828 3130 66666611
1868 3069 1890 3112 66
1910 3065 2125 3114 remunerationis
2145 3065 2178 3116 17
2199 3063 2262 3116 1011
2287 3077 2300 3114 6
2321 3091 2355 3102 -
2373 3065 2399 3116 16
2421 3063 2505 3128 gradi·

518 3153 627 3204 modum
647 3155 724 3218 fugae
743 3151 777 3204 17
799 3151 866 3202 1033
887 3149 915 3202 6*
1193 3157 1216 3202 66
1236 3151 1351 3214 episcopi
1372 3165 1463 3202 eurum
1483 3165 1649 3204 successores
1668 3153 1702 3206 17
1724 3151 1773 3206 667
1793 3147 1824 3206 6
1868 3149 1917 3200 aas
1937 3151 2114 3212 praemiorum
2126 3151 2252 3204 eritordo
2265 3151 2411 3204 secundum
2426 3167 2503 3218 quan·

572 3241 711 3292 intentato
731 3239 888 3306 -Aliquid
913 3239 1059 3304 praefertur
1082 3241 1153 3292 alteri
1244 3267 1279 3278 -
1299 3239 1331 3290 66
1349 3237 1520 3302 religionibus
1539 3243 1647 3292 assumti
1668 3255 1717 3292 666
1745 3251 1829 3294 tenen·
1867 3237 1962 3288 litatem
1985 3237 2082 3302 gloriae
2103 3239 2121 3290 11
2139 3237 2229 3292 6661)

517 3333 562 3380 aut
581 3341 628 3394 per
647 3329 758 3380 modum
777 3327 925 3380 excedentis
938 3329 1095 3392 solomani
1107 3341 1155 3392 per
1193 3335 1233 3380 tur
1253 3325 1361 3380 obedire
1389 3329 1511 3392 praelatis
1529 3329 1569 3380 sui
1596 3329 1696 3382 ordinis
1724 3329 1757 3382 17
1776 3329 1827 3380 863
1919 3351 1954 3362 -
1972 3323 2139 3380 substantiale
2159 3327 2269 3380 debetur
2288 3327 2368 3382 radici
2390 3329 2503 3382 caritatis

516 3417 625 3470 modum
645 3417 792 3470 excedentis
811 3423 836 3470 et
863 3417 1008 3482 influentis,
1035 3421 1081 3468 aut
1108 3431 1154 3480 per
1192 3431 1248 3482 arg.
1269 3413 1284 3466 6
1304 3443 1339 3454 -
1359 3417 1479 3482 Religiosi
1500 3419 1613 3482 promoti
1628 3419 1670 3482 ,ati
1697 3419 1829 3482 praelatio·
1867 3413 1884 3464 11
1904 3411 1954 3464 967
1976 3411 2013 3464 6*.
2033 3415 2082 3468 968
2104 3413 2141 3468 6*.
2159 3415 2193 3468 17
2211 3415 2262 3466 766
2285 3413 2310 3470 b.
2328 3415 2381 3470 767
2395 3415 2425 3468 6*
2441 3415 2503 3470 Vide

517 3505 625 3558 modum
644 3507 796 3572 imperantis
814 3503 938 3572 116666,
953 3503 1152 3570 3*-perfecta
1193 3503 1514 3570 nesnundispeusantnr
1538 3515 1641 3560 avolo
1670 3509 1828 3572 paupertatis
1871 3501 1899 3554 V.
1919 3501 2182 3558 Ourima-meritura
2205 3511 2232 3556 et
2253 3503 2282 3556 V.
2306 3489 2505 3560 Meritum-ou·

516 3595 639 3658 importat
657 3607 792 3648 excessum
813 3601 837 3646 et
855 3595 1015 3646 influentiam
1034 3603 1060 3648 et
1083 3609 1155 3658 prae·
1192 3600 1216 3644 et
1234 3593 1396 3644 obedientiae
1416 3593 1449 3646 17
1469 3593 1520 3644 866
1539 3593 1569 3644 6*
1868 3587 1943 3644 ritae.
1959 3617 1997 3630 -
2009 3591 2142 3656 Quantitas
2156 3593 2264 3656 praemii
2279 3593 2453 3646 substantialis
2466 3611 2504 3648 re·

515 3683 651 3734 sidentiam
670 3681 705 3736 ib.
724 3699 738 3734 a
758 3697 797 3748 sq.
816 3713 850 3720 -
863 3689 903 3734 666
915 3683 981 3734 inter
995 3683 1095 3750 aliquos
1109 3697 1155 3734 ua·
1246 3709 1277 3720 „
1298 3689 1407 3746 possunt
1425 3683 1516 3734 alienis
1538 3685 1735 3736 cotnmunicare
1759 3683 1828 3736 bona
1867 3679 1978 3744 spondet
2003 3681 2135 3746 quantitati
2162 3683 2257 3734 radicis
2280 3681 2392 3734 caritatis
2412 3683 2430 3735 ll
2450 3685 2502 3736 686

515 3777 573 3824 tura
591 3779 636 3824 aot
653 3773 777 3824 electione
797 3769 1118 3825 66666616666116696*
1179 3767 1230 3822 ’666
1250 3769 1365 3836 collegii,
1385 3771 1431 3822 sed
1451 3785 1503 3822 uon
1530 3785 1630 3836 poenas
1657 3773 1770 3826 relaxare
1796 3773 1827 3824 17
1866 3767 1891 3820 b.
1912 3767 2010 3820 111387
2030 3783 2085 3834 arg.
2106 3771 2131 3822 6.
2150 3771 2201 3822 669
2222 3785 2244 3824 a.
2264 3769 2316 3822 677
2331 3767 2406 3822 6*-
2418 3785 2504 3824 essen·

568 3887 602 3898 —
622 3861 762 3914 attenditur
788 3859 934 3912 secondum
962 3875 1100 3912 ascensum
1130 3867 1154 3914 et
1191 3859 1242 3914 636
1258 3857 1564 3926 666-6666666666
1583 3863 1699 3928 aliquam
1718 3863 1828 3914 auctori·
1866 3857 1924 3910 66616
1943 3865 2054 3922 angetur
2072 3857 2225 3922 dispositive
2244 3861 2343 3912 maiore
2362 3861 2503 3926 quantitate

515 3947 671 4002 descensum
692 3949 724 4000 17
745 3947 914 4000 6036-16
930 3949 1088 4012 praelatione
1101 3963 1151 4002 non
1191 3955 1267 4000 talem
1287 3947 1384 4000 babeat
1402 3947 1532 4000 bonorum
1562 3949 1601 4002 sni
1631 3951 1747 4016 collegii,
1775 3963 1826 4002 non
1866 3945 1933 4012 dati,
1952 3959 2003 3998 aon
2023 3947 2121 3998 directe
2140 3953 2166 3998 ei
2185 3947 2292 4014 proprie
2310 3947 2328 3998 11
2348 3947 2399 3998 930
2418 3947 2499 4016 6,3*,

515 4043 554 4090 666
573 4037 715 4106 aequalitas
740 4037 773 4088 17
792 4035 843 4088 606
869 4035 954 4088 6²⁸¹-
971 4037 998 4088 16
1027 4037 1152 4102 operibus
1190 4041 1275 4088 tamen
1295 4043 1414 4100 respecto
1436 4037 1519 4088 meriti
1538 4035 1633 4088 Christi
1652 4051 1701 4092 nec
1718 4039 1827 4092 auctori·
1867 4031 1893 4084 6*
1912 4061 1947 4072 -
1969 4033 2031 4088 7666
2055 4033 2082 4088 7.
2102 4033 2448 4104 Meritum-auqmeaium.
2466 4065 2502 4076 -·

514 4127 643 4178 Ecclesiae
661 4133 701 4178 est
719 4123 819 4190 gradus
842 4127 988 4178 secundom
1016 4139 1152 4190 compara·
1189 4131 1266 4178 taient
1281 4125 1423 4188 plenariam
1439 4129 1558 4190 respecta
1574 4127 1686 4178 tltesauri
1699 4127 1827 4180 Ecclesiae
1865 4123 2057 4190 alugmentum,
2078 4123 2149 4190 quod
2165 4125 2269 4190 respicit
2282 4127 2428 4190 praemium
2442 4125 2504 4178 sub·

514 4217 609 4268 tionem
623 4215 657 4266 ad
670 4215 786 4278 primum
800 4213 1017 4280 principiam,ex
1030 4229 1083 4280 quo
1097 4215 1152 4268 fluit
1188 4211 1221 4266 ii.
1241 4209 1270 4264 6*
1865 4211 1994 4276 standale,
2014 4225 2064 4262 non
2084 4217 2123 4264 est
2149 4213 2176 4264 iu
2204 4217 2328 4276 potestate
2358 4215 2455 4278 gratiae
2483 4215 2502 4266 11

513 4309 594 4356 totum
614 4305 731 4368 regimen
750 4307 776 4352 et
794 4303 912 4364 operatio
930 4303 956 4352 in
975 4315 1086 4366 corpore
1106 4305 1152 4356 Ec·
1241 4303 1394 4352 astansem
1412 4329 1449 4348 -.
1465 4303 1614 4354 referuntur
1632 4303 1664 4354 ad
1682 4303 1826 4356 conclusio-
1865 4299 1916 4350 666
1935 4295 1963 4350 6*

514 4391 621 4456 clasiae,
641 4395 666 4442 et
683 4391 743 4442 ideo
764 4391 846 4442 uirtus
871 4391 943 4454 prior
965 4397 1006 4442 esi
1028 4393 1151 4454 superior
1189 4403 1248 4442 netu
1267 4403 1315 4452 per
1333 4389 1497 4442 collationem
1516 4393 1541 4442 et
1559 4391 1699 4442 illationem
1718 4391 1727 4442 1
1747 4390 1775 4442 31
1798 4389 1827 4442 3*
1916 4415 1950 4424 -
1969 4389 2128 4442 accidentale
2145 4393 2185 4442 est
2202 4389 2344 4454 gandium,
2365 4391 2420 4442 sine
2447 4405 2502 4458 quo

513 4481 545 4532 17
566 4479 616 4532 697
638 4477 665 4530 6*
683 4507 719 4518 --
738 4481 840 4544 Quanto
857 4479 993 4530 inferiores
1007 4487 1066 4532 sunt
1080 4493 1151 4544 prae·
1188 4483 1374 4540 -expouont
1392 4477 1585 4530 conclusionem
1607 4481 1635 4530 lii
1654 4479 1707 4532 666
1727 4477 1778 4532 ta
1865 4481 1949 4540 potest
1966 4475 2058 4528 baberi
2075 4477 2127 4528 sita
2147 4481 2251 4530 aeterna
2270 4479 2290 4528 ll
2309 4475 2502 4532 9336*-66-

513 4569 570 4634 1611,
590 4573 660 4620 66666
678 4573 738 4620 6666
758 4567 847 4632 plttres
871 4573 896 4620 et
923 4571 993 4620 tanto
1022 4569 1150 4620 minorem
1241 4567 1373 4616 Patauina
1391 4593 1426 4602 -
1445 4567 1541 4630 optime
1562 4565 1695 4620 ordinatur
1717 4567 1751 4622 ad
1772 4581 1827 4618 me·
1865 4565 1990 4618 cidentale
2014 4565 2086 4618 addit
2111 4565 2142 4618 ad
2162 4565 2329 4620 substantiale
2351 4567 2453 4620 17109
2474 4565 2503 4620 3*

513 4655 609 4709 babent
628 4661 780 4722 potestatem
801 4655 835 4708 17
854 4655 904 4708 608
925 4655 943 4706 6
1187 4655 1233 4706 rita
1253 4653 1398 4706 secundnm
1418 4655 1539 4706 iustitiam
1562 4655 1593 4706 17
1613 4655 1660 4706 961
1685 4655 1717 4722 6,
1739 4651 1768 4708 3*
1790 4683 1827 4696 -
1863 4679 1898 4692 «-
1916 4653 2073 4706 accidentale
2092 4655 2208 4708 consistit
2227 4657 2252 4706 in
2271 4655 2370 4718 gaudio
2384 4655 2418 4706 de
2432 4655 2501 4708 bono

566 4773 600 4784 -
620 4751 750 4812 quantum
767 4743 798 4796 ad
820 4743 978 4796 influentiam
1002 4751 1028 4798 et
1051 4747 1150 4810 praesi-
1188 4741 1257 4794 Deus
1280 4751 1320 4796 est
1343 4745 1427 4796 iustos
1446 4753 1626 4796 remunerator
1645 4743 1680 4796 lV
1700 4745 1750 4798 883
1769 4743 1787 4794 6.
1810 4745 1825 4796 3
1864 4751 1962 4808 creato,
1981 4743 2022 4796 vel
2042 4743 2074 4796 66
2093 4743 2247 4796 liberatione
2264 4743 2299 4796 ab
2318 4745 2406 4812 aliquo
2432 4745 2500 4796 mulo

513 4835 626 4886 dentiam
645 4839 683 4886 est
706 4835 772 4886 inter
793 4831 898 4886 ordines
923 4833 1083 4898 Angelorum
1109 4849 1150 4886 ra·
1187 4859 1221 4868 -
1239 4829 1382 4896 respondet
1400 4835 1493 4884 merito
1506 4829 1568 4886 6066.
1581 4835 1632 4884 886
1646 4847 1702 4898 erg.
1717 4835 1743 4886 3.
1757 4833 1825 4886 6010
1865 4831 1881 4882 11
1900 4833 1951 4884 936
1971 4847 1985 4882 6
2011 4829 2072 4886 7666
2093 4831 2121 4886 V.
2135 4831 2282 4886 Gaudium.
2296 4831 2502 4886 —accidentale

512 4923 581 4976 tione
599 4923 732 4974 ministerii
752 4925 777 4974 el
794 4919 906 4972 cessabit
925 4923 951 4972 in
970 4925 1050 4986 patria
1065 4923 1149 4976 11666
1186 4919 1203 4972 f.
1223 4919 1291 4970 3—
1311 4919 1381 4972 Deus
1398 4921 1517 4976 retribuit
1529 4923 1674 4974 secundum
1690 4925 1824 4988 iustitiam,
1862 4921 2502 4986 6666666616,66166166666661666666,66161·

511 5009 543 5076 b,
563 5009 729 5064 6*-16666
749 5009 891 5061 daemones
909 5009 1023 5064 cassabit
1040 5017 1100 5074 6666
1112 5011 1150 5062 fu·
1186 5005 1232 5060 sed
1257 5021 1335 5072 supra
1362 5011 1453 5060 merita
1473 5009 1607 5062 116676.
1627 5009 1659 5062 17
1680 5009 1768 5064 9666
1788 5039 1825 5050 -·
1862 5009 1970 5062 minutio
1991 5023 2090 5072 poenae
2109 5009 2392 5064 666-6666666616
2405 5015 2445 5064 661
2456 5025 2500 5064 au·

511 5099 608 5152 dicium
629 5099 829 5162 titubaret
1185 5099 1257 5150 Deus
1282 5105 1431 5150 remunerat
1459 5101 1592 5158 bominem
1622 5114 1701 5164 supra
1733 5101 1825 5154 condi·
1862 5097 1931 5150 reola
1956 5099 1989 5150 17
2015 5099 2066 5150 103
2094 5111 2151 5164 arg.
2171 5099 2187 5152 3
2204 5129 2243 5138 -
2260 5099 2420 5152 accidentale
2447 5113 2499 5152 nou

564 5215 597 5226 ...
616 5189 746 5240 ordinaria
767 5201 819 5240 non
837 5185 914 5240 datur
933 5187 1089 5242 mulieribus
1115 5189 1147 5242 17
1186 5201 1267 5252 gnum
1287 5195 1413 5252 quantum
1429 5187 1461 5240 66
1475 5187 1596 5240 meritum
1612 5189 1781 5242 substantiale
1794 5191 1822 5242 111
1861 5191 1959 5240 tantttm
1979 5193 2017 5240 est
2036 5189 2153 5250 aureola,
2174 5187 2220 5240 sed
2234 5189 2311 5240 etiam
2324 5189 2452 5252 gaudium
2465 5189 2500 5240 de

511 5277 562 5330 660
583 5273 609 5328 1*
1185 5275 1236 5326 390
1258 5273 1285 5324 6*
1304 5303 1338 5312 -
1358 5275 1427 5328 0666
1446 5281 1484 5328 est
1503 5279 1609 5340 pronior
1628 5277 1660 5330 ad
1681 5279 1823 5342 praemisa·
1861 5275 1947 5342 aliquo
1965 5273 2037 5328 bono
2056 5285 2141 5328 creato
2161 5277 2181 5328 ll
2198 5277 2251 5328 930
2264 5273 2294 5324 6*
2307 5303 2339 5312 -
2354 5277 2408 5328 Non
2422 5289 2500 5328 ontne

562 5393 597 5402 -
610 5379 661 5416 non
674 5369 713 5418 est
725 5365 833 5416 effectus
846 5379 894 5418 nec
906 5367 1013 5430 signum
1026 5373 1146 5420 aeternae
1185 5363 1250 5416 dum
1269 5377 1348 5430 quant
1367 5365 1400 5416 66
1421 5363 1583 5428 puniendum
1605 5367 1638 5418 17
1658 5365 1708 5418 989
1729 5369 1747 5420 f.
1760 5367 1775 5416 6
1787 5393 1824 5406 -
1862 5363 2007 5426 praemium
2025 5363 2184 5416 accidentale
2202 5369 2242 5414 est
2258 5363 2364 5416 aureola
2383 5363 2499 5418 116396

510 5453 642 5506 electionis
660 5455 668 5504 1
687 5453 738 5504 716
761 5453 792 5516 6,
812 5449 840 5504 i*
860 5481 894 5490 —
914 5461 1024 5506 666661
1046 5461 1148 5508 tantum
1186 5453 1255 5504 Deus
1273 5453 1299 5502 in
1319 5453 1476 5504 conferendo
1495 5455 1642 5518 praemium
1658 5469 1709 5508 non
1723 5461 1823 5506 tantum
1859 5477 1894 5488 ··-
1913 5449 2070 5504 accidentale
2089 5457 2129 5504 esi
2146 5453 2172 5504 in
2192 5453 2251 5516 plus
2266 5465 2347 5518 quam
2360 5453 2464 5506 aureola
2478 5453 2499 5504 ll

511 5543 641 5594 bonorum
660 5555 708 5594 nec
726 5543 845 5594 omnium
864 5541 994 5594 bonoram
1014 5541 1045 5596 ab.
1067 5543 1095 5596 6*
1185 5541 1293 5594 attendit
1312 5555 1375 5594 suae
1394 5541 1551 5594 liberalitatis
1575 5543 1823 5606 manifestationem,
1862 5539 1911 5590 933
1932 5537 1960 5588 6*
1979 5565 2015 5576 -
2032 5539 2190 5594 accidentale
2207 5549 2247 5594 est
2270 5543 2357 5594 enanis
2381 5555 2501 5594 remune-

563 5657 598 5670 -·
617 5631 743 5696 Quamuis
762 5631 861 5684 bonnm
881 5633 912 5684 sit
932 5637 957 5684 et
975 5633 1073 5684 licitum
1091 5632 1149 5684 aliis
1186 5629 1267 5680 immo
1285 5633 1363 5682 etiam
1383 5631 1480 5696 gloriae
1506 5637 1607 5684 nostrae
1633 5633 1823 5696 promotionem
1862 5627 1926 5679 tatio
1943 5627 2082 5682 excludens
2103 5633 2234 5682 miseriam
2254 5629 2287 5682 17
2308 5631 2409 5682 60066

512 5731 640 5786 praeesse,
660 5733 712 5770 non
730 5723 818 5770 tamen
836 5725 876 5770 est
893 5719 1087 5782 appetendum,
1100 5719 1147 5772 sed
1185 5719 1214 5769 111
1232 5717 1285 5768 316
1306 5717 1335 5768 l*
1913 5745 1948 5756 -
1966 5717 2124 5772 accidentale
2144 5717 2255 5772 babetur
2273 5733 2305 5772 ex
2323 5721 2438 5784 propriis
2450 5719 2498 5772 bo·

509 5807 596 5870 uotiua
614 5807 770 5870 fugiendum
790 5805 817 5856 lli
837 5807 889 5856 369
908 5805 926 5858 6
946 5833 980 5846 -·
998 5821 1059 5858 oum
1079 5821 1148 5858 ama·
1236 5807 1324 5858 -ad
1344 5807 1415 5870 quod
1436 5813 1473 5858 est
1493 5805 1665 5870 tendendum,
1688 5813 1725 5858 666
1740 5807 1825 5860 termi·
1862 5807 1900 5858 nis
1919 5807 2043 5872 operibus
2063 5809 2080 5860 ii
2096 5809 2147 5860 689
2162 5807 2179 5860 6
2192 5837 2228 5848 -
2241 5807 2397 5862 accidentale
2411 5811 2499 5874 acqui-

454 5895 455 5900 ’
510 5903 559 5960 tur,
582 5895 729 5960 frequenter
748 5897 786 5946 est
805 5895 908 5944 occasio
932 5893 1102 5958 superbiendi
1123 5899 1148 5946 et
1186 5907 1234 5946 nus
1253 5895 1400 5944 necessario
1418 5893 1540 5946 sciendus
1559 5893 1593 5946 17
1613 5895 1662 5946 683
1684 5895 1701 5948 6
1860 5899 1926 5950 ritur
1943 5897 1968 5948 ln
1989 5897 2065 5948 bouis
2082 5897 2208 5960 operibus
2228 5897 2499 5948 666666666611686

509 5983 626 6052 quodam
646 5983 725 6036 modo
743 5981 907 6048 apostatandi
926 5989 952 6034 et
971 5981 1144 6034 recedendia
1239 6007 1274 6018 -
1292 5985 1332 6032 est
1349 5981 1517 6032 substantiale
1529 5987 1556 6032 et
1568 5981 1726 6036 accidentale
1740 5981 1823 6036 11168
1861 5988 1930 6039 b-
1949 5985 2107 6038 accidentale
2126 5987 2267 6052 respondet
2285 5985 2426 6050 operibus,
2446 5999 2497 6038 ma·

509 6073 562 6126 Deo
582 6071 643 6128 6066.
664 6087 696 6110 ’-
716 6073 844 6124 Recusare
864 6071 1050 6134 praelationem
1070 6071 1146 6122 estin
1185 6067 1617 6134 6*-666666666,666666661
1643 6075 1763 6126 aureolae
1790 6073 1823 6126 17
1859 6077 1929 6128 aime
1952 6075 2124 6140 privilegiatis
2141 6077 2160 6126 11
2180 6075 2232 6126 967
2252 6071 2288 6126 tt
2309 6073 2361 6126 968
2381 6071 2410 6126 6*
2432 6071 2496 6128 Vide

509 6161 597 6214 salutis
616 6161 801 6226 dispendium,
823 6161 843 6212 si
863 6173 974 6224 persona
995 6159 1065 6212 utilis
1078 6155 1147 6212 silet
1184 6157 1235 6210 766
1249 6157 1273 6208 b
1291 6185 1326 6196 -
1345 6157 1514 6210 substantiale
1532 6159 1627 6212 dicitor
1646 6175 1740 6230 aurea,
1760 6165 1824 6212 acci·
1865 6163 1893 6216 V.
1910 6161 2040 6218 6666616.
2489 6179 2490 6182 ’

508 6251 631 6304 canonice
650 6249 770 6316 eligatur,
791 6257 816 6302 et
835 6263 849 6302 a
869 6251 961 6302 maiori
980 6251 1146 6316 iniungatur;
1185 6249 1285 6302 dentale
1298 6247 1404 6298 aureola
1415 6245 1450 6298 t'b.
1463 6245 1506 6298 f.i
1523 6249 1740 6304 -substantiale
1751 6263 1824 6316 prae·
1915 6281 1947 6290 -
1966 6251 2050 6304 76666
2069 6253 2142 6318 operi
2169 6251 2280 6306 debetur
2299 6255 2397 6302 tantum
2413 6259 2498 6316 ‘pree-

507 6339 554 6392 sed
574 6341 658 6404 vergit
676 6341 702 6392 in
722 6339 811 6392 salutis
831 6339 990 6404 profectum,
1011 6341 1031 6392 si
1044 6341 1077 6390 sit
1090 6353 1146 6404 per·
1184 6337 1251 6392 cellit
1269 6335 1426 6388 accidentale
1448 6335 1478 6386 17
1500 6335 1548 6388 108
1571 6353 1628 6404 arg.
1646 6339 1660 6390 3
1859 6341 1941 6392 mium
1955 6353 1986 6392 ott
2000 6341 2045 6392 Dei
2058 6341 2189 6404 promisso
2207 6341 2225 6392 11
2246 6339 2326 6392 6676
2345 6367 2381 6376 6·-
2399 6339 2496 6392 Meliori

507 6441 570 6482 sona
590 6429 686 6480 inutilis
705 6429 732 6480 111
752 6425 803 6478 879
824 6425 840 6478 6
1235 6453 1271 6466 -
1288 6424 1456 6478 substantiale
1469 6425 1494 6476 in
1508 6425 1563 6478 ileo
1575 6431 1691 6482 consistit
1703 6429 1735 6480 17
1754 6429 1821 6480 6009
1859 6431 1947 6482 virtuti
1973 6425 2082 6482 debetur
2108 6431 2194 6482 maius
2218 6429 2366 6494 praemium
2390 6427 2418 6480 111
2444 6427 2495 6480 306

561 6517 767 6570 9661661666-
792 6515 969 6568 praelatorum
1000 6521 1081 6568 slatus
1107 6521 1146 6568 est
1184 6531 1206 6568 a.
1227 6515 1296 6567 1010
1316 6515 1333 6566 6
1350 6541 1386 6554 -
1403 6513 1573 6568 substantiale
1591 6523 1631 6568 est
1656 6515 1761 6570 bonitas
1784 6515 1824 6568 di·
1859 6515 1911 6568 f.3
1934 6515 2034 6568 -Uul
2058 6521 2083 6568 66
2102 6515 2188 6568 eidem
2209 6515 2354 6568 secundnm
2378 6515 2499 6568 diversos

507 6605 726 6670 perfectissimus,
748 6605 808 6670 qoie
830 6603 864 6656 ibi
893 6605 969 6656 simul
994 6605 1082 6656 iuncta
1106 6613 1146 6658 ast
1183 6607 1242 6656 vina
1262 6601 1359 6656 1661.
1382 6601 1822 6672 i-sobstanttaieestgaadium
1859 6609 1941 6656 status
1958 6603 2070 6656 debetur
2087 6605 2223 6656 diversum
2250 6605 2395 6670 praemium
2415 6603 2494 6656 1308

508 6695 692 6758 contemplatio
717 6707 777 6746 cum
803 6693 903 6744 actione
928 6693 962 6746 17
981 6693 1144 6758 abstergit
1183 6693 1216 6746 66
1235 6693 1305 6746 6666
1324 6695 1438 6744 increato
1457 6691 1473 6742 ll
1495 6691 1545 6742 686
1565 6707 1594 6758 6,
1610 6693 1823 6746 b-esseatiale
1858 6693 1876 6746 f.
1895 6691 1910 6744 3
1931 6719 1965 6732 -·
1983 6693 2112 6758 Respectu
2142 6695 2251 6758 praemii
2278 6695 2357 6746 creati
2384 6689 2494 6760 quilibet

506 6809 542 6820 -
560 6781 733 6834 praelatorum
755 6787 836 6834 statos
853 6785 892 6832 est
905 6781 1008 6844 medius
1020 6783 1146 6834 intersta·
1182 6791 1221 6836 est
1241 6781 1599 6848 bonumsummt1m‚qnod
1621 6783 1692 6834 Deus
1711 6791 1764 6848 est,
1782 6797 1824 6834 se·
1859 6787 1977 6846 respectu
1999 6781 2102 6834 alterins
2121 6783 2235 6848 aliquam
2255 6779 2332 6834 babet
2358 6793 2498 6846 praeroga·

506 6879 562 6922 tum
582 6871 845 6936 contemplativorum
863 6875 889 6920 ei
900 6871 1045 6924 aeduorum
1059 6871 1080 6924 11
1092 6869 1144 6922 660
1182 6871 1298 6924 condam
1319 6869 1391 6938 quod
1409 6869 1523 6936 videtur,
1544 6869 1661 6936 diligitur
1679 6879 1704 6926 et
1721 6875 1824 6926 tenetur
1859 6873 1940 6922 tivam
1958 6871 1977 6922 ll
1997 6869 2047 6924 666
2068 6869 2096 6922 3*
