5792 8392
525 611 587 680 434
1187 633 1188 638 ’
1355 607 1470 676 INDEX
1493 609 1684 676 SECUNDUS
1734 637 1736 640 ·

830 699 894 750 FUG
2138 699 2203 752 6411

522 791 706 852 circacorpus
732 788 752 838 11
782 785 815 838 46
842 783 870 836 4*
890 811 924 824 ···
944 785 1018 848 ponit
1043 783 1160 836 babilam
1200 781 1836 850 4444444444]444444414461111774146763*-
1875 783 1949 848 dam,
1968 787 2043 838 cuius
2064 785 2131 840 Deus
2150 797 2174 842 44
2199 791 2322 840 ereatura
2344 787 2421 838 sitnul
2450 791 2510 838 sunt

522 881 652 942 creatum,
671 875 717 942 qni
734 871 852 926 habilitat
872 873 1161 938 potentiamcognosci·
1199 887 1249 926 nan
1271 877 1353 938 potest
1369 873 1503 936 suscipere
1522 871 1717 924 Sacramentum
1738 869 1835 922 111774
1874 883 1951 920 44444
1970 871 1976 920 Ι
1998 871 2049 922 676
2069 887 2082 924 4
2100 899 2137 912 -
2155 873 2231 926 414144
2260 879 2319 924 4444
2346 873 2432 924 4444444
2451 887 2510 924 can·

515 969 601 1020 ¹livam
619 961 681 1016 ibid.
1199 959 1356 1012 44-444
1378 959 1605 1022 potestpoenitero
1621 957 1835 1024 neegenerafilcr
1875 957 2034 1022 tingentera
2063 959 2144 1012 libera
2173 959 2279 1014 arbitria
2308 965 2332 1010 44
2360 975 2374 1010 4
2401 971 2463 1012 casu
2485 967 2509 1012 ct

575 1081 608 1092 -
622 1049 811 1116 praesupponit
830 1049 1007 1114 cognitionem
1021 1063 1068 1114 per
1080 1049 1159 1100 iidem
1199 1061 1245 1100 nac
1259 1047 1404 1112 specialiter
1415 1047 1450 1098 lV
1463 1043 1514 1096 468
1534 1043 1563 1096 4*
1581 1073 1617 1084 -
1635 1049 1679 1112 441
1699 1059 1833 1112 nunquam
1874 1045 1975 1096 fortuna
1996 1045 2004 1096 1
2022 1045 2074 1098 676
2092 1045 2110 1098 b
2134 1045 2196 1100 Vide
2221 1047 2249 1100 V.
2267 1043 2427 1114 continuem

521 1141 561 1192 vel
582 1153 629 1206 per
656 1139 772 1204 speciem
794 1141 820 1190 et
839 1135 942 1196 fruibile
969 1137 1088 1190 habitum
1112 1151 1160 1202 par
1197 1135 1287 1188 14414414
1299 1147 1377 1186 nsunt
1391 1133 1464 1186 liberi
1477 1133 1588 1200 arbitrii,
1607 1139 1693 1200 potest
1709 1133 1833 1198 baptizari
1924 1133 2130 1186 -744444414
2151 1135 2240 1188 futuro
2267 1135 2328 1184 ninii
2348 1135 2422 1198 ponit
2441 1137 2508 1188 circa

521 1241 596 1294 spem
614 1229 656 1280 vel
674 1229 701 1278 in
720 1241 748 1278 re
768 1227 776 1278 1
795 1225 829 1278 36
849 1223 929 1292 644,
944 1225 972 1280 4*
990 1255 1026 1264 --
1049 1239 1100 1278 444
1118 1231 1158 1278 444
1197 1225 1264 1276 41444
1277 1223 1379 1286 parvuli
1400 1223 1432 1274 tv
1454 1223 1499 1274 tot
1525 1219 1560 1272 4*.
1577 1221 1630 1274 776
1643 1219 1671 1272 4*
1685 1221 1833 1286 -444414-
1871 1217 2018 1270 subiectum
2037 1235 2085 1284 pro
2099 1225 2229 1286 praesenti
2250 1223 2257 1274 1
2275 1223 2327 1274 676
2345 1221 2383 1274 3*.
2397 1221 2449 1274 673
2468 1223 2508 1274 6*.

521 1331 552 1370 cx
570 1315 621 1368 lide
641 1321 665 1368 et
683 1327 731 1380 spe
752 1315 798 1366 uisi
820 1329 866 1380 per
885 1315 1018 1368 caritatem
1043 1315 1051 1366 1
1072 1313 1105 1364 37
1127 1311 1155 1364 4*
1197 1309 1302 1376 444464
1317 1307 1493 1362 habaitusum
1505 1311 1617 1374 rationis,
1633 1323 1682 1360 non
1694 1313 1777 1374 potest
1790 1307 1833 1358 ba·
1871 1305 1921 1358 733
1941 1305 1958 1358 b
1976 1309 2057 1358 -14
2076 1309 2163 1362 lutura
2184 1313 2310 1376 quantum
2328 1315 2369 1362 est
2385 1323 2415 1362 ex
2435 1319 2508 1376 parte

520 1431 555 1444 -
573 1407 642 1456 rectu
660 1408 699 1456 ast
715 1405 741 1454 in
762 1401 1044 1456 6444144614443816
1063 1425 1098 1438 -
1111 1413 1159 1464 per
1197 1397 1644 1464 4414441,4444444444144414111434
1661 1395 1830 1462 f*·-Fur·ia,
1870 1395 1906 1446 441
1925 1397 2113 1462 contingentia,
2135 1397 2202 1448 nulla
2222 1405 2261 1448 est
2279 1397 2407 1450 certitudo
2429 1399 2505 1450 1678

520 1493 658 1558 speculum
676 1501 703 1546 et
723 1493 874 1556 imperfecta
903 1493 959 1544 4444
984 1491 1011 1540 in
1037 1487 1159 1552 paradiso
1198 1499 1266 1552 4444
1283 1489 1323 1536 444
1340 1485 1365 1534 14
1387 1483 1488 1550 nabitu,
1508 1487 1533 1536 itt
1552 1487 1640 1550 44441
1652 1485 1731 1538 nabet
1746 1483 1830 1538 lucida
1871 1497 1940 1532 a-
1958 1483 2057 1536 Verum
2075 1483 2229 1550 contingens
2249 1483 2281 1536 de
2300 1487 2387 1538 futuro
2405 1487 2509 1540 estim-

521 1583 643 1646 444444444,
662 1581 736 1646 plena
758 1583 796 1632 est
815 1581 841 1630 in
860 1577 932 1630 caelo
951 1577 984 1628 fV
1004 1573 1050 1628 644
1075 1573 1102 1626 6.
1121 1577 1137 1626 4
1197 1573 1331 1626 intervalia
1349 1573 1529 1636 nanimpedtt
1557 1573 1753 1624 matrimonium
1771 1585 1833 1624 eon·
1871 1569 2010 1636 mutabile,
2028 1571 2075 1624 sed
2094 1585 2145 1624 non
2167 1573 2357 1638 necessarium,
2372 1575 2432 1640 qaia
2445 1575 2507 1626 ninii

574 1699 608 1708 -
626 1669 703 1722 Solus
722 1669 789 1720 Deus
808 1679 837 1718 se
855 1667 914 1730 ipsa
933 1665 1046 1728 perfecte
1065 1663 1159 1714 fruitur
1198 1661 1365 1724 trahendum,
1382 1661 1428 1712 sed
1457 1661 1513 1712 talis
1537 1675 1588 1714 non
1608 1661 1715 1714 deberet
1733 1667 1833 1714 contra·
1870 1659 2117 1722 4414444141673
2138 1657 2325 1724 6*.7334,14

521 1757 582 1812 144
600 1759 626 1812 d.
651 1761 678 1808 44
698 1785 732 1796 -
752 1755 822 1806 Deus
841 1751 951 1804 fruendo
976 1765 1005 1802 se
1023 1749 1108 1814 diligit
1128 1763 1156 1802 se
1197 1751 1258 1802 itere
1277 1757 1386 1814 propter
1403 1751 1549 1814 periculum
1575 1751 1606 1802 111
1625 1749 1677 1802 774
1699 1749 1714 1802 b
1735 1749 1832 1798 -414-
1922 1773 1957 1784 -
1976 1747 2146 1802 praescientia
2165 1749 2210 1802 Dei
2231 1753 2352 1802 connotat
2372 1751 2505 1802 veritatem

458 1869 461 1874 ·
520 1853 544 1900 et
563 1847 639 1898 41141
665 1845 693 1898 44
726 1841 765 1894 3*.
784 1839 817 1892 44
842 1839 868 1892 d.
889 1841 921 1890 44
941 1867 975 1876 -
993 1841 1020 1890 ln
1039 1839 1094 1890 Deo
1121 1853 1158 1890 re·
1198 1839 1347 1888 trimoniurn
1366 1841 1527 1890 contractum
1546 1841 1650 1896 144444
1678 1837 1761 1890 fririae
1778 1847 1830 1886 non
1870 1835 1938 1886 circa
1967 1835 2082 1888 faturum
2112 1839 2121 1888 1
2147 1835 2199 1888 678
2228 1837 2254 1890 b.
2282 1837 2333 1888 673
2354 1835 2391 1890 6*.
2408 1837 2460 1890 767
2480 1839 2506 1892 b.

520 1937 595 2000 spicit
612 1933 755 1986 bonitatem
773 1929 936 1982 essentialem
956 1929 965 1980 1
985 1925 1018 1978 43
1037 1925 1098 1978 dl
1196 1923 1833 1992 44141444,44(444444144,41414114[4444444
1869 1921 1920 1974 743
1942 1921 1967 1974 6.
1985 1925 2002 1974 6
2020 1949 2056 1962 -
2081 1925 2273 1990 propositiones
2300 1925 2333 1976 de
2361 1927 2507 1978 14444444-

574 2049 609 2060 -
627 2015 762 2074 1144444444
781 2017 840 2070 14444
857 2017 921 2082 1441,
943 2023 970 2068 44
982 2015 1158 2068 dicitorcam·
1196 2015 1260 2066 dam
1279 2015 1421 2068 consentiat
1439 2013 1472 2066 46.
1491 2013 1521 2066 4*
1538 2009 1575 2054 ....
1597 2015 1623 2064 in
1649 2011 1738 2066 habitu
1758 2015 1782 2060 44
1805 2011 1830 2060 14
1869 2011 1938 2062 tione
1955 2009 2060 2064 divinae
2086 2015 2272 2078 praescientiae
2293 2013 2389 2066 liabent
2407 2017 2507 2068 verita-

520 2111 633 2162 mnniter
660 2113 759 2162 tantum
785 2107 792 2156 1
821 2103 855 2156 44
880 2105 906 2156 6.
935 2104 963 2156 14
985 2129 1023 2142 ·-
1040 2109 1157 2156 44444444
1196 2105 1253 2154 4444
1274 2103 1353 2154 nescit
1373 2103 1529 2154 matrimonii
1547 2099 1778 2164 auiciacomplere
1796 2093 1830 2150 iu
1870 2105 1920 2150 tem
1940 2105 1964 2152 et
1983 2103 2160 2154 necessitatem
2181 2103 2406 2168 consequentiael
2427 2103 2505 2156 6764

521 2213 570 2250 444
590 2203 629 2250 est
648 2191 1158 2262 4444444444(444441441411644444444
1196 2191 1222 2256 b,
1244 2187 1273 2240 4*
1295 2217 1334 2228 -
1358 2189 1434 2242 Furia
1459 2201 1621 2254 consequens
1645 2201 1695 2240 non
1722 2185 1832 2250 impedit
1869 2201 1907 2252 sq.
1933 2185 1994 2240 Vide
2016 2189 2043 2240 V.
2064 2189 2223 2258 Goatinpcns
2241 2217 2276 2228 -
2297 2193 2396 2244 Veritas
2415 2195 2503 2258 cogni·

519 2279 921 2338 41444444414113666*.111
944 2279 995 2332 746
1022 2279 1093 2332 b-
1110 2281 1158 2332 Ha·
1197 2279 1391 2332 matrimonium
1409 2275 1482 2332 (44.6
1870 2277 1945 2328 414414
1962 2275 1997 2328 64
2020 2277 2116 2344 futura,
2135 2291 2204 2344 quae
2222 2285 2345 2330 causetur
2364 2293 2379 2330 a
2397 2293 2439 2346 44,
2461 2281 2506 2332 64-

518 2375 588 2426 mine
606 2373 702 2426 dicitur
727 2371 822 2438 aliquis
849 2369 900 2420 4444
926 2369 953 2420 14
976 2369 1031 2420 Dea
1049 2373 1158 2432 propter
1249 2363 1352 2418 Fuaruu
1372 2371 1463 2418 —est
1480 2365 1646 2418 contrectatio
1664 2365 1702 2416 rai
1719 2363 1830 2426 alienae,
1870 2363 1965 2428 pendet
1992 2381 2022 2418 ex
2050 2369 2173 2420 eventui
2202 2367 2253 2420 678
2282 2365 2353 2418 b·-
2372 2367 2505 2420 Ordinatio

519 2461 731 2516 inhabitationem
760 2459 843 2510 [leil
870 2455 903 2510 44
926 2457 954 2510 6.
974 2457 1008 2508 46
1026 2483 1061 2494 «-
1080 2457 1158 2508 Bonis
1196 2455 1277 2506 invito
1301 2453 1408 2506 dominu
1436 2453 1524 2506 11334
1553 2453 1581 2506 (1.
1598 2455 1624 2504 4.
1642 2453 1671 2504 111
1691 2453 1741 2504 836
1761 2449 1786 2502 6.
1805 2449 1830 2502 7.
1870 2453 1949 2504 144444
1965 2453 2001 2504 46
2022 2459 2110 2508 actum
2138 2453 2243 2508 [livinae
2269 2457 2425 2522 cognitionis
2452 2471 2505 2510 nan

519 2549 697 2616 spiritualibus
710 2545 849 2600 troandum
863 2549 915 2610 est,
935 2559 1003 2612 quae
1022 2545 1157 2598 coniuncta
1196 2543 1228 2594 ttf
1249 2541 1299 2594 463
1320 2543 1390 2594 14-
1408 2549 1448 2594 444
1466 2545 1653 2594 nocumentum
1673 2541 1784 2606 proximi
1805 2541 1830 2588 in
1869 2547 1907 2594 est
1926 2543 2083 2608 necessaria,
2103 2543 2150 2594 sed
2169 2547 2322 2608 contingens
2334 2545 2434 2598 ratione
2447 2551 2505 2596 can·

518 2647 577 2690 sunt
596 2639 640 2690 fini
659 2639 667 2688 1
688 2637 720 2690 46
739 2635 767 2688 b.
786 2633 814 2686 44
841 2633 880 2686 4*.
899 2633 930 2686 44
951 2633 980 2684 6*
1196 2629 1322 2684 44644111
1350 2631 1401 2682 843
1420 2645 1435 2682 4
1456 2657 1488 2666 -
1508 2635 1545 2682 esi
1571 2631 1679 2694 simplex
1704 2631 1745 2680 vel
1770 2639 1830 2678 curu
1870 2629 2130 2696 4444444444444114,
2150 2631 2253 2684 444644
2281 2633 2427 2696 praescitur
2445 2647 2505 2686 con·

571 2727 639 2780 Fuci
657 2753 693 2764 -
712 2737 763 2776 nan
782 2723 845 2774 dicit
861 2723 1017 2774 electionem
1035 2723 1068 2774 lV
1089 2719 1156 2774 4338
1195 2719 1332 2786 sacrilegio
1356 2719 1385 2770 111
1412 2719 1465 2772 836
1490 2719 1516 2772 d.
1538 2717 1556 2770 7
1575 2747 1608 2756 -
1630 2717 1782 2784 prohibetur
1805 2717 1830 2766 in
1869 2717 1998 2780 tingentur
2015 2717 2022 2768 l
2041 2717 2092 2770 678
2113 2717 2139 2770 b.
2157 2719 2209 2772 703
2228 2735 2252 2772 4.
2271 2719 2323 2772 743
2342 2719 2371 2774 6.
2383 2721 2406 2772 6.
2423 2719 2504 2774 stoa

519 2813 546 2870 4*
569 2813 632 2870 Vide
654 2813 682 2868 V.
713 2809 881 2866 desiderium
899 2839 936 2850 ·-
955 2811 1052 2876 peccati
1074 2811 1158 2876 impe-
1196 2807 1308 2860 secanda
1322 2807 1406 2862 tabula
1416 2813 1472 2860 tunt
1486 2807 1574 2876 quoad
1586 2821 1662 2872 opus,
1675 2813 1728 2860 tam
1743 2803 1831 2872 quoad
1868 2831 1902 2844 «-
1922 2805 2046 2859 1144444414
2062 2811 2088 2858 ut
2099 2807 2222 2872 importat
2235 2809 2430 2862 successionem
2442 2819 2504 2862 tatu·

518 2905 600 2956 rative
619 2909 663 2956 est
681 2917 695 2954 a
716 2903 828 2970 caritate,
853 2903 990 2954 elicitivea
1013 2903 1104 2952 timore
1124 2897 1157 2950 111
1195 2897 1432 2962 concupiscentiam
1461 2897 1488 2949 111
1508 2897 1559 2948 843
1579 2909 1602 2948 4.
1622 2895 1673 2948 844
1692 2893 1729 2962 7*,
1751 2891 1778 2944 8*
1796 2921 1831 2934 -
1869 2897 1940 2960 poris
1958 2909 2010 2948 non
2028 2905 2068 2948 est
2086 2897 2119 2948 de
2139 2899 2237 2950 4444444
2250 2897 2445 2966 praescientiae,
2456 2897 2505 2950 sed

518 2993 563 3044 331
589 2989 615 3044 4*
636 3019 669 3030 —·
689 2991 749 3044 mali
773 2997 812 3044 est
841 2991 942 3056 primus
961 2995 1033 3040 actus
1055 2989 1155 3040 timoris
1196 2987 1275 3038 fures
1292 2987 1388 3038 iniusto
1406 2985 1478 3038 titulo
1504 2983 1637 3050 possident
1654 2997 1722 3050 quae
1746 2983 1832 3036 iuran-
1869 2993 1896 3036 ut
1913 2985 2037 3050 importat
2055 2983 2173 3038 ordinem
2193 2987 2342 3052 temporalis
2366 2985 2398 3038 ad
2423 2995 2506 3038 aeter·

517 3083 544 3134 111
564 3081 615 3134 766
636 3079 662 3146 b,
682 3077 855 3130 f*-Unus
873 3083 912 3128 est
931 3077 1026 3130 modus
1039 3077 1156 3140 fugiendi
1196 3069 1830 3126 44411141363-1444114411444414441·
1869 3085 1931 3124 num
1950 3075 2095 3126 secundum
2115 3077 2324 3128 consecutionem
2343 3077 2351 3126 1
2372 3075 2418 3128 684
2443 3075 2503 3128 64

519 3167 615 3220 malum
636 3165 734 3218 111746
755 3163 783 3218 3*
808 3197 809 3200 =
1196 3165 1247 3212 vite
1266 3161 1298 3212 ad
1319 3161 1525 3214 succurrendum
1544 3161 1656 3224 pauperi
1675 3159 1830 3212 iraeada
1867 3187 1902 3198 -
1919 3167 1959 3212 est
1977 3163 2064 3228 aliquo
2093 3163 2173 3214 mado
2201 3177 2278 3216 causa
2308 3163 2411 3214 divinae
2431 3179 2502 3228 prae·

568 3255 665 3308 Fatoan
682 3281 720 3294 -
737 3257 777 3306 est
795 3251 930 3318 quoddam
960 3251 1083 3304 accidens
1100 3265 1156 3302 sen·
1247 3275 1283 3288 -··
1301 3263 1351 3302 naa
1370 3255 1409 3302 444
1427 3251 1525 3300 malum
1544 3251 1591 3302 nisi
1613 3257 1720 3314 propter
1741 3261 1829 3298 rerum
1868 3251 1987 3301 scientiae
2006 3249 2151 3302 seeundum
2171 3253 2298 3302 rationem
2324 3251 2450 3304 inferendi
2479 3259 2504 3304 et

516 3341 590 3396 sibile
600 3341 708 3394 farinae
726 3341 791 3394 lucis
803 3341 872 3392 circa
887 3353 982 3404 corpus
995 3341 1155 3392 luminosum
1195 3337 1449 3404 appropriationem,
1469 3351 1547 3404 quam
1574 3335 1637 3390 tollit
1654 3341 1768 3388 extrema
1787 3349 1830 3386 ne·
1870 3335 1972 3388 dicendi
1997 3337 2112 3390 16741)
2136 3337 2199 3392 Vide
2220 3339 2250 3392 V.
2267 3337 2448 3394 Praesairntia
2468 3341 2501 3392 de

517 3431 534 3482 11
554 3430 600 3482 341
624 3445 649 3496 4,
670 3427 708 3498 4*,
726 3429 765 3482 3*.
784 3429 837 3482 334
856 3425 894 3480 6*.
912 3429 965 3480 348
985 3425 1002 3480 b
1195 3427 1300 3480 cessitas
1320 3425 1347 3476 111
1368 3425 1419 3476 864
1440 3423 1828 3478 4*--14141444444444641444
1867 3425 2016 3478 causalitate
2033 3433 2153 3492 respectu
2174 3429 2331 3482 futurarum.

569 3519 760 3572 Funotnsnruu
778 3543 814 3554 -
832 3521 870 3568 est
890 3499 974 3582 prima
988 3529 1049 3580 pars
1068 3515 1157 3568 aedifr-
1195 3515 1384 3580 superveniens
1402 3515 1465 3566 tollit
1483 3513 1716 3566 malitiamaiurto
1735 3509 1829 3566 111843
1919 3541 1955 3554 -
1982 3527 2032 3566 non
2063 3521 2171 3578 possunt
2199 3515 2349 3568 naturaliter
2378 3517 2502 3580 praesciri

516 3607 547 3660 cii
566 3607 599 3660 111
618 3605 942 3658 deta-Fundanum
957 3617 1007 3656 non
1021 3605 1155 3670 existente,
1195 3619 1218 3658 a.
1238 3601 1289 3656 844
1308 3601 1337 3654 4*
1354 3629 1389 3642 --
1408 3603 1476 3654 Deus
1505 3615 1566 3656 cunr
1590 3603 1709 3654 israelitis
1727 3601 1830 3666 dispen·
1868 3601 2085 3668 certitudinaliter,
2105 3603 2151 3656 sed
2171 3605 2363 3656 coniecturaex
2384 3617 2502 3668 praesen·

515 3697 580 3746 ¹niltil
600 3701 684 3760 polest
710 3693 921 3760 superaedificari
941 3693 975 3746 111
1003 3693 1054 3746 646
1075 3691 1103 3744 4*
1120 3721 1156 3734 -
1194 3693 1329 3758 44444441
1342 3691 1469 3744 transtulit
1481 3693 1507 3742 in
1521 3703 1566 3744 eos
1580 3689 1724 3744 dominium
1745 3691 1830 3754 Aegy·
1867 3689 1936 3742 tibus
1954 3691 2049 3758 signiS,
2069 3691 2290 3746 velexmemaria
2305 3693 2502 3758 praeteritorum

515 3785 556 3836 vel
576 3785 669 3836 dieitur
688 3777 774 3848 lucus,
793 3785 819 3834 in
839 3797 893 3848 quo
912 3781 1060 3836 aedificium
1080 3781 1155 3836 stabi·
1194 3777 1829 3848 44444444113346,4.1113706*-114444
1867 3779 1956 3832 11136
1985 3779 2022 3832 4*.
2051 3781 2077 3832 111
2105 3779 2157 3832 743
2186 3779 2211 3834 6.
2231 3783 2247 3832 4
2264 3807 2300 3820 -
2320 3795 2388 3848 quae
2406 3779 2504 3834 habent

517 3875 590 3940 14444,
609 3875 653 3926 vel
677 3873 756 3940 11146,
778 3885 825 3938 per
851 3869 921 3938 quad
951 3857 992 3924 res
1013 3873 1111 3924 locatur
1130 3877 1155 3924 44
1193 3875 1278 3936 potest
1304 3879 1423 3920 44444444
1449 3869 1582 3932 superflua
1610 3869 1707 3934 aliena,
1729 3869 1778 3920 nisi
1796 3869 1829 3920 414
1867 3881 1972 3920 causam
2003 3869 2211 3934 determinatam,
2234 3873 2343 3934 possunt
2372 3873 2502 3936 cognosci,

515 3959 642 4014 stabilitur
661 3963 686 4012 in
706 3975 754 4014 sua
773 3959 950 4012 sustentaculo
969 3959 1002 4010 tv
1022 3959 1072 4010 683
1092 3973 1155 4010 a·—
1193 3959 1374 4010 dontinusvel
1395 3953 1545 4008 iudexeius
1565 3955 1653 4008 11334
1673 3957 1734 4008 (1.4
1866 3955 2010 4008 secandum
2039 3955 2111 4022 4446
2138 3965 2199 4010 sunt
2216 3959 2241 4010 in
2261 3971 2355 4020 causa,
2375 3957 2504 4010 certitudi-

514 4049 624 4102 44616411
644 4049 783 4103 materialis
802 4055 841 4100 est
857 4047 996 4112 deorsum,
1016 4049 1155 4112 spiritualis
1247 4045 1365 4098 6444444
1384 4071 1419 4082 -
1437 4043 1622 4110 aliquomodo
1648 4057 1699 4098 nau
1716 4057 1764 4096 ens
1790 4047 1829 4094 est
1866 4043 1956 4096 naliter
1973 4043 2016 4094 vel
2033 4043 2171 4096 faffilriliter
2189 4046 2207 4098 11
2228 4043 2277 4097 434
2298 4043 2371 4096 b-
2388 4049 2436 4100 fer
2448 4059 2503 4116 uto·

515 4145 552 4192 est
572 4149 676 4190 sursunt
695 4135 757 4192 ibid.
1192 4135 1201 4184 1
1214 4133 1261 4186 461
1278 4131 1305 4184 b.
1318 4133 1368 4184 763
1383 4147 1445 4184 a-
1458 4133 1482 4184 14
1497 4133 1536 4184 441
1548 4133 1620 4184 initia
1638 4145 1690 4184 non
1703 4139 1742 4184 est
1755 4133 1762 4184 1
1775 4129 1827 4182 744
1865 4139 1906 4184 444
1925 4131 2056 4184 caelorum
2075 4139 2268 4198 cognoscuntur
2279 4133 2374 4200 futura,
2387 4147 2502 4200 quarum

566 4253 601 4264 —
635 4225 745 4278 aedificii
777 4225 918 4290 spiritualis
948 4229 986 4276 est
1018 4223 1152 4290 Christus,
1192 4219 1451 4278 6411434443.
1478 4221 1512 4274 f’v'
1532 4219 1631 4274 atah.
1651 4223 1738 4274 6831.
1760 4221 1828 4272 3-
1865 4219 2059 4286 suntqaodarn
2086 4219 2166 4274 mado
2195 4233 2280 4286 causa,
2300 4221 2340 4274 vel
2361 4223 2502 4274 etiamen-

514 4295 1153 4382 4444444444461444441116834-611444444
1190 4317 1229 4364 est
1248 4309 1397 4362 ordinafunt
1415 4307 1450 4362 46
1474 4323 1541 4376 4444,
1571 4309 1631 4362 ideo
1652 4309 1750 4376 indiget
1769 4323 1827 4374 pra·
1865 4321 1923 4360 rum
1943 4323 2011 4376 4444
2029 4323 2077 4374 per
2103 4323 2135 4362 ea
2162 4311 2313 4376 praesignat
2330 4309 2420 4362 divina
2439 4325 2502 4376 pro·

513 4407 552 4454 est
587 4403 786 4456 fundamentum
824 4399 968 4468 immobile,
1005 4405 1152 4454 sustentans
1192 4401 1302 4454 ducente
1323 4397 1489 4452 17644-
1510 4397 1827 4464 6441414444414444444,
1864 4395 1992 4462 videntia,
2013 4411 2064 4450 nan
2083 4411 2146 4450 vera
2174 4399 2300 4464 afiorum,
2320 4413 2388 4464 quae
2406 4407 2501 4452 sunta

515 4503 619 4544 omnem
638 4487 1098 4544 4414444441611441411116766*
1191 4503 1251 4542 cum
1277 4487 1305 4538 tit
1324 4501 1447 4552 praesens
1469 4489 1499 4538 111
1527 4487 1578 4538 688
1600 4487 1617 4538 4.
1638 4489 1653 4538 4
1672 4515 1707 4526 --
1724 4487 1828 4538 Dictum
1865 4483 1947 4538 libero
1974 4485 2081 4538 arbitrio
2109 4487 2231 4538 113634
2261 4485 2325 4538 Vidr
2345 4487 2377 4538 V.
2396 4485 2502 4542 Contin-

565 4581 779 4632 -Paenitentia
805 4585 833 4632 ut
855 4579 954 4644 414444,
973 4593 1041 4646 4444
1067 4577 1152 4644 primo
1192 4577 1224 4630 de
1244 4577 1296 4628 Deo
1316 4577 1445 4640 significat
1462 4575 1626 4628 durationem
1645 4577 1700 4628 sine
1717 4577 1827 4628 termino
1864 4585 1929 4642 parts
1947 4599 1983 4612 -·
2002 4573 2086 4640 aliqua
2106 4581 2215 4640 possunt
2234 4573 2383 4640 praevideri
2401 4589 2434 4628 ex
2452 4575 2504 4628 dis-

514 4667 655 4734 requiritur
673 4669 700 4718 in
724 4667 903 4718 aedificatione
921 4665 1063 4730 spirituali,
1082 4673 1152 4718 recte
1190 4663 1320 4718 11366.
1339 4663 1354 4716 6
1373 4669 1467 4716 -est
1490 4665 1516 4714 in
1540 4663 1677 4716 effectibus
1702 4663 1827 4730 1344446
1866 4661 1995 4728 positione
2024 4663 2158 4728 carparis,
2191 4663 2231 4716 vel
2263 4677 2293 4714 er
2328 4663 2500 4718 sollicitudine

511 4755 606 4808 dicitur
630 4755 830 4808 fundamentum
849 4753 882 4808 lV
902 4753 954 4806 684
972 4753 989 4806 b
1010 4781 1044 4790 -
1063 4755 1153 4806 Poeni·
1191 4767 1242 4804 nan
1262 4753 1330 4804 circa
1347 4753 1436 4816 ipsum
1455 4753 1483 4804 111
1503 4751 1553 4804 613
1574 4751 1602 4806 3*
1866 4753 1972 4816 mentis,
1992 4752 2031 4803 441
2052 4765 2082 4804 er
2101 4751 2201 4804 interna
2222 4753 2391 4806 illustratione
2409 4753 2430 4804 11
2450 4753 2501 4806 136

513 4843 903 4904 tentiaestfundameutum‚iu
922 4849 1049 4910 quantum
1070 4855 1153 4894 rema·
1241 4841 1401 4908 -Aliquid
1419 4855 1477 4894 esse
1505 4843 1620 4894 futurum
1640 4845 1681 4896 vet
1701 4841 1827 4910 significat
1865 4837 1903 4892 3*.
1925 4841 1957 4892 fV
1978 4841 2045 4892 4348
2066 4837 2092 4892 4*
2116 4839 2178 4894 Vide
2200 4841 2228 4894 V.
2249 4839 2502 4896 Samnium-Ca-

512 4939 555 4984 vet
569 4931 768 4984 fundamentum
782 4929 924 4982 6146411111
938 4931 988 4982 684
1002 4931 1058 4982 1.3.
1072 4931 1123 4982 683
1138 4945 1151 4982 4
1190 4933 1329 4994 eventum,
1346 4931 1389 4982 vel
1412 4933 1513 4982 tantum
1531 4931 1650 4984 ordinem
1668 4933 1776 4984 effectus
1792 4931 1826 4984 ad
1865 4929 1947 4994 gaitio
1963 4929 2117 4982 futurarum
2131 4941 2183 4982 nou
2196 4937 2235 4982 est
2247 4931 2348 4982 animae
2368 4931 2499 4998 naturalis,

565 5021 663 5072 Fundus
682 5047 715 5058 -
734 5019 777 5072 441
795 5031 926 5072 annexum
950 5025 989 5072 est
1007 5021 1047 5072 ius
1067 5025 1152 5084 patra·
1190 5031 1282 5070 causas
1309 5019 1329 5070 11
1357 5017 1408 5070 446
1437 5017 1463 5070 6.
1488 5021 1498 5070 t
1522 5045 1558 5057 -
1577 5019 1711 5084 Quaedam
1741 5021 1825 5072 fotura
1864 5017 1910 5070 sed
1929 5031 1977 5082 per
1994 5017 2149 5070 infusionem
2169 5019 2197 5070 441
2219 5017 2268 5072 431
2290 5017 2365 5072 b-
2382 5015 2501 5084 Cognitia

514 5111 604 5174 44444,
624 5109 691 5162 114144
710 5105 834 5160 44461444
851 5106 885 5158 lV
904 5105 955 5158 668
974 5107 1002 5158 6.
1022 5105 1038 5158 5
1190 5105 1286 5158 frabent
1304 5119 1410 5158 causam
1439 5107 1657 5172 determinatam.
1675 5117 1701 5162 44
1718 5107 1825 5174 quidem
1863 5105 2010 5158 futurorum
2029 5105 2233 5170 contingentiam
2255 5119 2302 5172 par
2315 5107 2501 5162 revelationem

566 5197 641 5250 Faau
660 5225 696 5234 —
715 5209 766 5250 nan
785 5197 861 5250 estin
875 5189 1060 5262 eorpore',sed
1074 5211 1152 5264 quae-
1188 5195 1230 5246 rel
1260 5195 1392 5246 laffibilem
1419 5195 1460 5246 vel
1491 5193 1663 5260 infallibilem,
1694 5195 1825 5262 quaedam
1864 5195 2025 5246 4114444444
2053 5193 2499 5260 34464414441434414411443

513 5285 575 5336 dam
595 5285 729 5350 dispositio
749 5285 816 5336 mala
836 5283 923 5336 11743
944 5285 962 5336 6
1189 5283 1414 5336 indeterminatam
1443 5289 1467 5336 44
1494 5283 1626 5336 1441411444
1646 5285 1663 5336 if
1687 5283 1772 5336 filib
1792 5311 1826 5324 -·
1864 5283 1890 5336 6.
1907 5285 1923 5334 4

564 5373 738 5426 Futtrosus-
757 5387 808 5426 nan
828 5373 1076 5426 utiturratianer
1097 5373 1150 5428 774
1188 5371 1324 5438 quoddam
1342 5379 1394 5438 est,
1418 5375 1494 5438 44144
1523 5373 1591 5426 fieus
1608 5377 1648 5426 cst
1666 5379 1719 5426 4444
1738 5387 1825 5436 44444,
1914 5399 1951 5410 --
1968 5379 2028 5426 4444
2045 5373 2220 5438 exspectanda
2238 5371 2268 5426 fil
2292 5371 2343 5426 676
2364 5371 2382 5424 b
2405 5401 2435 5412 -·
2454 5375 2500 5426 lie·
2566 5373 2568 5378 ’

512 5459 550 5512 1.4
568 5475 666 5514 -444
680 5467 795 5516 meretur
813 5461 1150 5516 4446444444441164714.
1188 5459 1332 5528 quoddam,
1359 5461 1435 5512 cuius
1454 5461 1574 5514 voluntas
1600 5467 1686 5514 444444
1709 5467 1748 5514 444
1774 5467 1827 5514 tota
1863 5467 1953 5526 speetu
1978 5463 2126 5514 futurarum
2150 5461 2386 5526 exspectandamtn
2414 5465 2500 5516 anima

512 5549 609 5600 111774
623 5549 876 5602 44-444446444
896 5557 981 5602 actum
1002 5563 1053 5602 nan
1073 5511 1266 5606 habeticausa
1291 5561 1343 5600 non
1374 5529 1488 5602 efficiens
1513 5549 1560 5600 sed
1589 5549 1719 5616 deficiens,
1746 5549 1827 5616 qnod·
1863 5549 1998 5604 ordinatur
2016 5549 2121 5614 speciali
2139 5551 2234 5604 virtute
2254 5549 2280 5601 111
2300 5549 2352 5602 667
2372 5549 2399 5602 4*
2517 5557 2520 5564 “

562 6253 1147 6324 644444(444-·444111441414441444444444441
1187 6269 1235 6320 pus
1254 6253 1351 6306 vatione
1370 6253 1558 6306 coniunctionis
1577 6257 1668 6308 111643
1684 6253 1822 6308 440666
1861 6257 2048 6320 complacentia
2074 6261 2110 6310 rei
2137 6257 2396 6324 4444444414111666
2418 6257 2500 6310 4*-“

510 6341 1098 6406 4444444,4444444444461114144441111886
1119 6341 1148 6392 l*
1190 6341 1252 6396 Vide
1274 6341 1303 6394 V.
1326 6341 1463 6396 beatitudo
1480 6347 1641 6410 -proprie
1660 6345 1771 6410 pertinet
1788 6341 1823 6394 ad
1861 6351 1899 6396 est
1917 6345 1951 6398 de
1976 6345 2047 6398 bono
2073 6349 2202 6412 praesenti
2231 6345 2280 6400 sub
2310 6349 2408 6400 rationo
2436 6347 2499 6400 lieni

561 6431 671 6484 orsam
700 6457 733 6470 ·-
761 6429 876 6482 creditur
904 6443 962 6482 esse
994 6431 1028 6484 de
1054 6431 1147 6484 ordine
1185 6433 1344 6486 voluntatem
1363 6433 1373 6484 1
1392 6431 1425 6482 36
1445 6431 1464 6482 1.
1482 6431 1492 6482 4
1511 6439 1596 6484 -est
1616 6435 1641 6484 in
1660 6431 1824 6498 concupisci-
1859 6435 2040 6488 convenientis
2055 6433 2083 6488 111
2113 6435 2165 6488 676
2185 6449 2241 6500 arg.
2261 6437 2275 6486 3
2294 6461 2330 6474 -
2354 6437 2382 6486 fn
2400 6437 2498 6500 gaudio

469 6575 473 6584 ‚
509 6521 732 6584 archangelorum
767 6523 792 6572 el
820 6519 915 6572 dicitur
942 6533 999 6572 osse
1027 6533 1148 6572 summus
1184 6521 1228 6572 bili
1248 6521 1352 6572 111343
1372 6519 1823 6584 4443-444414414444141444444
1859 6527 1899 6574 est
1916 6521 2060 6590 delectatio,
2079 6537 2148 6590 qaae
2166 6525 2272 6590 respicit
2289 6525 2499 6576 convenientiam

506 6609 732 6672 angelorumque
745 6609 845 6662 ratione
858 6607 1148 6674 naturaesedutnun·
1184 6611 1368 6674 coniunctum,
1408 6609 1493 6672 magis
1522 6617 1561 6660 est
1598 6609 1625 6660 in
1655 6609 1823 6674 suscipiendo
1859 6609 1960 6663 111677
1979 6609 2010 6662 3*

509 6695 897 6752 4144-46444441444111681)
1184 6695 1602 6764 44444144444641116673*
1912 6725 1949 6740 -
1966 6699 2085 6754 Gaudere
2105 6715 2156 6752 nan
2176 6701 2301 6764 contingit
2329 6701 2378 6752 nist
2396 6697 2433 6750 de·
2458 6713 2499 6754 co·

560 6785 676 6836 6444444(
695 6815 729 6824 -
747 6791 786 6838 444
804 6787 831 6838 in
857 6787 946 6838 anima
974 6793 1002 6838 ut
1029 6785 1146 6840 subiecto
1237 6785 1559 6838 -estexconianetione
1572 6787 1749 6840 consumentis
1762 6801 1823 6840 cum
1860 6789 1933 6852 gnita
1959 6787 1993 6840 lV
2022 6789 2127 6842 46431.
2156 6787 2225 6842 d·-
2244 6787 2310 6842 Catu
2333 6787 2399 6854 quis·
2420 6785 2499 6842 nabet

509 6867 542 6920 111
562 6869 663 6924 46664
683 6901 717 6912 -
735 6875 762 6926 iu
782 6871 869 6938 gioria·
893 6871 1068 6926 redundatin
1088 6887 1147 6926 car·
1184 6875 1355 6928 conveniente
1381 6875 1408 6926 111
1436 6875 1488 6928 367
1517 6887 1573 6940 arg.
1601 6871 1774 6942 t-surgn
1792 6891 1823 6928 ex
1859 6875 1932 6944 quod
1950 6881 2020 6930 amat
2037 6883 2064 6930 et
2083 6877 2226 6942 desiderat,
2242 6875 2499 6942 necessariogaudet
