5784 8384
341 585 405 650 246
1183 579 1299 646 INDEX
1320 579 1512 646 SECUNDUS

604 669 662 724 PEC
683 669 719 738 49)
1333 667 1388 736 (40)
1943 663 2001 720 PEC
2022 665 2078 734 (11)

396 785 432 796 -
449 759 558 810 Interior
580 759 669 822 portio
689 771 742 808 non
766 761 853 820 potest
872 769 984 822 peccare
1019 753 1230 808 irrorantiam
1257 753 1275 806 1.
1304 755 1318 804 2
1343 781 1377 794 -·
1402 753 1461 804 Sola
1488 753 1656 820 deformatio,
1694 755 1826 808 nemiuem
1845 757 1905 808 lucil
1922 761 2088 820 peccatorem
2106 753 2142 806 lV
2160 753 2213 808 676
2231 755 2248 808 4.
2270 753 2333 806 4-

341 847 488 900 mortaliter
505 843 607 912 absque
625 845 753 910 superiori
773 843 793 894 tl
811 843 858 898 684
881 857 906 898 a.
932 847 984 898 582
1019 855 1089 908 quae
1108 845 1146 894 est
1158 843 1183 892 44
1202 841 1349 906 voluntate,
1367 843 1407 894 est
1424 843 1489 894 ratio
1506 839 1657 906 inculpaudi
1693 843 1891 918 Malitiaculpae
1905 857 1955 898 non
1970 847 2121 910 potestesse
2136 843 2178 894 ulli
2198 845 2333 896 creaturae

342 931 422 1002 4,4*
443 961 478 972 -
500 937 583 998 potest
603 935 702 986 444414
721 933 836 988 interiori
866 935 985 1000 portione
1019 927 1158 980 119636*
1190 965 1191 968 ¹
1693 931 1815 982 naturalis
1829 945 1875 984 nec
1889 933 1944 984 lieri
1958 933 2226 996 simultemporeper
2243 935 2331 982 actum

339 1023 448 1074 rationis
466 1021 568 1086 absquo
585 1023 695 1086 proprio
713 1029 771 1076 actu
787 1023 893 1074 rationis
907 1035 986 1086 supe·
1072 1015 1236 1068 —actualia
1262 1017 1407 1080 respiciunt
1430 1015 1548 1068 diversas
1565 1019 1659 1080 poten·
1693 1017 1833 1080 proprium
1847 1019 1863 1071 ll
1881 1019 1928 1070 143
1943 1023 1962 1072 t.
1981 1021 2004 1072 3.
2030 1017 2080 1070 416
2099 1019 2116 1070 l.
2140 1017 2166 1084 4,
2186 1017 2214 1070 6.
2232 1017 2284 1070 447
2302 1015 2333 1070 6*

341 1107 986 1176 44414116824*-44444444444444444444-
1020 1105 1081 1168 tias,
1101 1101 1245 1156 secuudum
1274 1103 1348 1170 quod
1375 1101 1411 1156 ad
1437 1103 1557 1156 divorsos
1584 1107 1659 1154 actus
1745 1129 1783 1144 -
1801 1117 1853 1156 uon
1870 1113 1911 1158 est
1928 1107 2190 1160 contravoluntatem
2212 1105 2333 1170 benepla-

342 1209 422 1248 sensu
441 1197 549 1248 rationis
561 1199 705 1262 superioris
718 1199 811 1252 saltem
829 1197 986 1258 interpreta—
1019 1197 1215 1256 comparantur,
1244 1203 1293 1254 per
1319 1203 1386 1256 quos
1406 1191 1607 1242 introducuntur
1629 1191 1657 1242 in
1694 1191 1750 1256 citl,
1772 1191 2002 1256 446414441842
2024 1195 2119 1248 4843
2147 1191 2184 1246 3*.
2204 1191 2332 1246 1182744

341 1285 395 1338 tive
413 1285 513 1338 ratione
531 1287 705 1354 negligentiae
719 1283 860 1338 cohibendi
873 1279 985 1334 10444.-
1019 1293 1077 1332 esse
1097 1277 1185 1332 11792
1205 1275 1657 1344 6*-04461444444444444444-
1694 1307 1729 1316 -
1746 1279 1816 1332 Deus
1843 1293 1893 1332 nou
1921 1281 2015 1334 dicitur
2043 1285 2194 1348 permittere
2222 1293 2332 1348 4444444

342 1371 471 1424 interioris
483 1375 563 1438 444444
571 1375 716 1440 imputatur
725 1371 855 1434 superiori
865 1367 897 1422 ih.
909 1367 945 1434 3*,
955 1367 985 1420 4*
1019 1367 1096 1432 444414
1109 1369 1227 1418 omnium
1241 1367 1416 1430 potentiarum
1429 1373 1501 1420 actus
1514 1367 1545 1418 ltl
1562 1365 1610 1418 804
1628 1363 1658 1416 4*
1694 1369 1743 1420 4444
1761 1379 1823 1420 eum
1844 1369 1888 1434 qul
1907 1371 2040 1424 actualitor
2057 1377 2164 1440 444444,
2189 1371 2253 1424 dum
2275 1383 2332 1434 pec·

340 1461 564 1516 -mortalouon
581 1469 669 1526 4444444
686 1459 781 1512 444444
801 1455 892 1524 nobis,
909 1457 983 1524 quod
1071 1481 1110 1494 —
1126 1455 1255 1508 Voluntas
1266 1461 1307 1506 est
1320 1467 1401 1506 causa
1414 1455 1475 1506 mali
1487 1469 1536 1520 per
1548 1455 1658 1506 modum
1693 1463 1737 1510 cat
1753 1455 1763 1506 l
1782 1455 1835 1508 843
1855 1455 1882 1508 2*
1901 1485 1935 1496 -
1955 1457 2025 1508 0444
2049 1471 2102 1510 uon
2127 1459 2250 1524 prohibet
2275 1471 2332 1524 pec·

343 1551 473 1616 superiori
498 1553 611 1618 portioni
633 1563 686 1602 non
709 1551 854 1612 imputetur
873 1551 982 1612 propter
1019 1543 1145 1596 libertatis
1164 1551 1189 1596 et
1208 1557 1256 1608 444
1270 1541 1379 1596 modum
1400 1545 1554 1608 privationis
1571 1547 1598 1596 et
1616 1541 1659 1594 64·
1694 1549 1764 1610 4444,
1787 1545 1848 1612 quia
1871 1557 1903 1596 ea
1922 1545 2071 1610 permittere
2096 1553 2193 1612 spectat
2212 1547 2244 1600 46
2264 1547 2333 1612 regl-

341 1651 501 1692 coosensum
518 1639 562 1690 vel
579 1637 765 1704 negligentiam
785 1635 946 1700 reprimendi
962 1635 983 1686 ll
1019 1631 1167 1684 6414444441
1186 1631 1238 1682 807
1256 1627 1287 1682 4*
1300 1659 1329 1668 -
1346 1625 1397 1682 Ι444
1419 1631 1571 1686 hebetasse
1589 1633 1656 1684 cirea
1694 1645 1753 1686 men
1775 1631 1955 1698 providentiae
1975 1635 2001 1686 111
2023 1633 2072 1686 433
2094 1635 2118 1686 6.
2138 1635 2154 1686 3

343 1727 390 1778 684
402 1725 636 1778 4-44444414444
647 1713 732 1788 441444
744 1737 801 1776 4444
812 1721 912 1788 absque
926 1729 984 1776 actu
1019 1725 1109 1770 actum
1127 1719 1275 1782 voluntatis,
1291 1725 1317 1772 ut
1329 1723 1423 1770 natura
1435 1727 1482 1786 est,
1496 1719 1537 1772 vel
1556 1723 1584 1772 44
1604 1731 1658 1770 mo·
1747 1747 1783 1758 -
1801 1723 1958 1786 permittitur
1977 1729 2085 1788 propter
2108 1721 2210 1774 honum
2229 1721 2332 1776 univer.

342 1815 489 1878 superioris
513 1813 640 1878 portionis
665 1811 772 1866 rationis
798 1812 816 1864 ll
837 1811 889 1862 909
912 1809 985 1864 b·-
1019 1815 1097 1860 vetur
1116 1807 1278 1872 naturaliter,
1299 1805 1345 1860 sed
1364 1807 1465 1874 solum,
1488 1815 1515 1862 ut
1535 1815 1657 1860 movetur
1694 1809 1730 1872 si,
1748 1813 1774 1860 et
1796 1809 1881 1876 aliquo
1898 1811 1980 1864 modo
2000 1815 2110 1878 propter
2126 1809 2228 1864 bouum
2242 1823 2332 1874 perca·

342 1901 453 1954 mortale
470 1913 522 1954 nou
548 1905 633 1966 potest
650 1913 708 1952 4444
734 1899 789 1952 4444
815 1899 923 1952 rationis
941 1913 985 1950 su·
1019 1897 1190 1950 deliberative
1208 1897 1229 1948 44
1248 1893 1336 1950 4414
1355 1923 1390 1934 -
1410 1899 1476 1950 inest
1502 1897 1601 1948 homiui
1619 1907 1658 1948 se·
1694 1899 1756 1948 toris
1776 1897 1809 1950 lV
1823 1897 1875 1950 337
1889 1897 1921 1950 6*
1939 1901 2025 1952 -Ex
2039 1901 2112 1964 lapsu
2124 1899 2195 1954 Deus
2208 1899 2276 1952 elicit
2288 1897 2333 1950 bo·
2430 1911 2433 1916 “

341 1989 453 2052 perloris
465 2001 594 2040 consensu
615 2001 681 2040 varo
694 1989 735 2040 ret
753 1987 949 2052 interpretativa
964 1985 984 2040 ll
1019 1983 1136 2036 cundum
1163 1983 1308 2036 libertatem
1332 1987 1359 2036 el
1382 1983 1581 2036 4444444446
1605 1983 1656 2034 842
1694 1997 1757 2036 nuru
1778 1985 2010 2052 444144444444444,
2031 1989 2079 2040 nisi
2093 1989 2208 2054 negligat
2225 1983 2332 2042 ibid.-

342 2073 430 2128 6824
839 2111 841 2116 a
1019 2073 1038 2124 t.
1058 2071 1072 2124 4
1090 2101 1125 2112 -
1144 2085 1196 2126 nou
1216 2077 1257 2124 444
1274 2073 1322 2126 nisi
1342 2087 1357 2124 4
1381 2071 1461 2126 1414444
1481 2073 1614 2124 voluntate
1637 2072 1655 2122 ll
1693 2073 1730 2124 Ex
1750 2073 1839 2126 multis
1859 2075 1972 2138 peccatis
1989 2073 2059 2128 Deus
2085 2077 2149 2128 viris
2167 2079 2239 2130 iustis
2264 2073 2333 2128 411414

395 2191 432 2204 -·
451 2163 609 2218 vertibilitas
628 2163 659 2218 46
674 2165 772 2216 malum
785 2171 813 2216 44
824 2163 984 2228 possibilitas
1019 2161 1070 2212 804
1090 2175 1107 2214 4
1124 2187 1160 2200 -
1179 2161 1273 2214 blatum
1300 2161 1391 2226 culpae
1418 2161 1523 2226 proprie
1543 2161 1657 2212 consistit
1693 2159 1761 2214 bona
1777 2163 1806 2214 tlt
1825 2161 1876 2214 626
1892 2159 2063 2214 4*-64444
2076 2169 2233 2226 cooperatur
2244 2163 2334 2216 electis

342 2251 378 2304 ad
395 2253 561 2316 peccandum
586 2253 702 2306 consistit
727 2255 753 2304 in
774 2253 905 2318 superiori
926 2265 984 2316 por·
1018 2249 1088 2302 circa
1108 2249 1238 2316 animam,
1256 2247 1403 2302 secuudum
1420 2247 1492 2316 quod
1508 2255 1550 2302 est
1565 2247 1656 2298 volun·
1693 2263 1745 2302 uon
1757 2249 1793 2302 46
1802 2253 1914 2316 gratiam
1925 2251 2213 2318 augmentandam,sed
2223 2251 2333 2304 tiunlller

342 2341 411 2394 tioue
432 2341 537 2394 rationis
557 2341 575 2394 ll
594 2341 645 2394 574
666 2343 684 2394 4.
703 2339 729 2394 4.
744 2339 795 2394 676
809 2343 984 2394 4-4444444
1018 2339 1082 2388 44444
1102 2349 1214 2402 operans
1233 2337 1251 2388 ll
1271 2335 1355 2388 8in
1373 2363 1408 2376 «-
1427 2343 1590 2402 44444444444
1610 2349 1657 2400 444
1693 2339 1902 2392 44444444441444
1913 2339 1944 2392 10
1959 2337 2010 2392 337
2026 2337 2187 2392 1*-04444
2201 2355 2251 2394 444
2266 2351 2332 2390 sem·

342 2431 489 2482 aversionis
507 2433 545 2482 est
564 2431 691 2496 portionis
708 2429 839 2484 rationalis
858 2429 984 2494 primosi
1018 2433 1107 2478 actum
1126 2427 1266 2478 voluntatis
1288 2439 1347 2478 com
1369 2425 1537 2478 delectatione
1556 2431 1580 2478 44
1600 2423 1657 2478 libi·
1693 2439 1741 2490 per
1768 2435 1924 2490 cooperatur
1951 2427 1986 2480 ad
2016 2433 2188 2492 augmentum
2221 2427 2330 2494 praemii

342 2517 522 2582 principaliter
542 2503 561 2570 ll
579 2515 633 2570 744
650 2515 891 2582 444-6444441414
910 2529 983 2570 aver·
1018 2513 1079 2566 dina
1097 2515 1131 2568 IV
1150 2513 1202 2566 319
1222 2529 1237 2566 4
1693 2515 1987 2568 4404444444144111679
2006 2513 2037 2568 2*
2054 2543 2091 2554 ·-
2108 2523 2283 2582 cooperantur
2303 2517 2330 2566 in

344 2607 384 2658 sio
401 2613 443 2660 est
461 2607 487 2658 in
508 2607 636 2670 superiori
655 2611 730 2670 44444
744 2607 849 2660 rationis
863 2605 941 2660 41681
957 2621 994 2660 as
1071 2607 1165 2656 -esi
1183 2615 1198 2654 a
1217 2601 1302 2654 libero
1319 2601 1429 2654 arbitrio
1446 2601 1464 2652 ll
1485 2601 1535 2654 863
1556 2603 1572 2654 4.
1594 2603 1604 2654 4
1622 2629 1656 2642 -·
1692 2603 1794 2656 bonum
1812 2603 1964 2656 adiuvando
1983 2603 2015 2656 ad
2036 2605 2259 2670 perseverandum
2283 2617 2331 2668 per

341 2695 373 2748 lll
392 2695 498 2748 36642
517 2723 551 2732 ν-
570 2697 595 2748 14
616 2709 745 2748 44444444
761 2697 905 2760 superioris
925 2709 983 2760 por·
1018 2691 1144 2744 committi
1169 2689 1248 2744 habet
1272 2705 1320 2756 per
1343 2689 1455 2742 liberum
1475 2689 1611 2744 arbitrium
1636 2691 1656 2742 ll
1693 2691 1827 2760 quandam
1857 2691 2061 2746 humiliationem
2087 2699 2112 2746 et
2138 2693 2329 2758 diligentiorem

341 2783 419 2836 tionis
439 2785 546 2836 rationis
565 2789 633 2838 totus
650 2787 731 2838 homo
749 2783 780 2836 ad
794 2791 934 2850 peccatum
946 2787 983 2836 in·
1019 2779 1087 2832 4004
1108 2779 1125 2832 b
1142 2781 1287 2832 —Nullus
1308 2785 1397 2846 peccat
1416 2781 1463 2832 nisi
1485 2793 1532 2844 per
1545 2779 1656 2832 liberum
1693 2781 1755 2834 bonl
1768 2783 1993 2836 conservationem
2003 2789 2030 2834 44
2039 2781 2100 2836 mali
2110 2781 2258 2834 vitationem
2269 2779 2329 2836 40444.

342 2873 570 2926 4444414411582
588 2887 604 2924 4
622 2901 657 2912 -
677 2879 714 2928 444
734 2875 759 2926 44
773 2875 904 2940 superiori
924 2887 984 2940 por·
1017 2869 1155 2922 arbitrium
1175 2869 1203 2924 111
1223 2869 1274 2922 269
1295 2883 1309 2922 4
1326 2895 1364 2910 -·
1382 2869 1408 2920 si
1428 2869 1530 2922 tollatur
1544 2869 1655 2922 liberum
1730 2871 1757 2922 44
1781 2899 1817 2912 -
1835 2871 1914 2924 Posse
1931 2883 2042 2936 peccare
2059 2877 2100 2924 est
2120 2883 2199 2936 posse
2219 2869 2340 2924 delicere·

341 2961 411 3014 tione
429 2963 550 3028 rationis,
575 2961 682 3030 quando
704 2967 744 3016 est
762 2961 855 3026 plenus
875 2975 982 3016 cousen—
1017 2955 1169 3024 arbitrium,
1190 2959 1242 3010 inm
1261 2959 1332 3012 nullo
1353 2957 1434 3010 modo
1450 2959 1500 3012 erit
1517 2963 1654 3024 peccatum
1693 2957 2159 3014 44444444414444644444111834*
2182 2987 2218 2998 —
2238 2961 2330 3012 Puteu-

342 3049 550 3102 4441167642
571 3079 606 3090 -
626 3051 736 3116 Quando
750 3051 789 3102 vir
803 3051 909 3102 omnino
923 3063 982 3102 con·
1016 3047 1037 3100 ll
1057 3045 1108 3100 942
1127 3061 1140 3098 4
1165 3043 1228 3098 Vide
1246 3043 1320 3114 infru
1335 3043 1369 3100 tt
1387 3053 1413 3098 44
1433 3043 1479 3100 ta.
1692 3049 1728 3100 tia
1745 3047 1871 3114 peccandi
1898 3053 1938 3102 est
1965 3051 2077 3112 potentia
2108 3047 2217 3102 lactendi
2241 3053 2329 3100 contra

342 3141 432 3200 sentit,
452 3145 513 3192 tunc
530 3139 607 3202 44444
627 3141 665 3192 444
694 3137 796 3190 4444444
816 3141 840 3190 44
866 3143 982 3190 coutem—
1071 3133 1246 3186 -voluotas
1258 3135 1325 3186 male
1338 3133 1449 3186 terrendi
1465 3137 1504 3186 est
1516 3135 1583 3186 mala
1598 3147 1654 3198 pro·
1693 3135 1776 3188 Deum
1796 3135 1812 3188 ll
1833 3135 1937 3187 40001.
1968 3135 2043 3186 4-
2068 3135 2180 3190 Potentia
2204 3135 2329 3200 peccandi

342 3231 403 3292 ptus
416 3225 501 3276 11963
515 3225 598 3290 arg.3
611 3209 686 3276 —ln
699 3229 822 3292 peccate,
836 3225 864 3276 in
878 3237 930 3292 quo
943 3231 981 3278 est
1017 3225 1076 3288 pter
1094 3221 1222 3274 actualem
1248 3219 1440 3274 ordinationem
1457 3219 1492 3272 ad
1510 3221 1611 3272 malum
1635 3223 1655 3274 ll
1691 3225 1718 3304 in
1738 3225 1932 3288 comparatione
1949 3223 1985 3276 46
2002 3223 2193 3276 delormitalem
2214 3237 2264 3276 non
2287 3235 2330 3276 uo·

342 3315 438 3380 plenus
455 3315 752 3378 consensus‚superior
770 3313 855 3378 portio
875 3313 981 3366 rationis
1018 3309 1086 3360 4003
1106 3307 1221 3360 b.tttot
1242 3309 1268 3372 14,
1290 3307 1529 3374 t*—Voluntas‚
1550 3311 1655 3376 cuipla-
1691 3311 1771 3362 minat
1791 3311 1947 3378 polentiam,
1967 3311 2013 3364 446
2041 3311 2197 3364 deiectum}
2218 3311 2269 3362 750
2290 3309 2327 3364 3*.

341 3401 483 3456 manducat
503 3403 529 3454 ltl
549 3401 600 3454 846
621 3415 678 3468 arg.
697 3401 711 3454 6
1017 3401 1059 3450 cet
1085 3399 1185 3450 malum
1212 3397 1322 3464 culpae,
1352 3401 1392 3450 est
1410 3397 1583 3474 inordinata]
1604 3399 1654 3450 823
1691 3397 1745 3450 760
1763 3399 1791 3450 d.
1811 3399 1834 3450 4.
1855 3399 1949 3450 114004
1975 3399 2041 3452 h·-
2054 3401 2130 3452 Posse
2147 3413 2256 3464 peccare
2270 3399 2329 3464 plus

394 3517 430 3528 -
449 3493 487 3542 444
512 3491 536 3540 44
562 3491 691 3552 superiori
716 3489 836 3554 portione
858 3489 980 3554 rationis,
1017 3487 1034 3538 i.
1055 3487 1079 3552 3,
1100 3485 1259 3546 b-Velle
1272 3483 1413 3540 deliberate
1426 3493 1563 3552 peceatum
1581 3487 1655 3540 abso·
1693 3485 1754 3540 dicit
1766 3485 1897 3540 detectum
1919 3501 1997 3552 quam
2009 3489 2233 3552 complementum
2244 3475 2270 3540 et
2283 3499 2330 3552 po·

342 3583 420 3644 prout
440 3579 598 3632 convertitur
611 3577 646 3630 46
663 3579 784 3630 interiora
799 3579 819 3630 ll
836 3575 890 3630 676
908 3591 937 3644 4,
951 3575 980 3630 3*
1017 3575 1070 3628 1444
1082 3575 1125 3628 441
1138 3573 1344 3628 conditionaliter
1358 3581 1395 3628 est
1405 3577 1524 3642 iniquum
1535 3575 1656 3630 lV388a
1694 3577 1800 3628 tentiam
1818 3575 1837 3627 14
1858 3573 1909 3626 644
1929 3575 1944 3628 4.
1964 3577 1980 3626 2
1998 3603 2036 3614 --
2054 3577 2166 3630 Potentia
2185 3573 2326 3642 peccandi,

341 3693 377 3706 -
395 3671 478 3732 potest
497 3679 555 3720 esse
569 3667 637 3720 circa
654 3667 820 3734 superiorem
832 3667 979 3730 portionem
1016 3693 1053 3702 -—
1071 3663 1197 3716 Voluntas
1215 3675 1267 3714 non
1293 3669 1379 3728 polest
1402 3669 1472 3716 recte
1492 3665 1527 3716 uti
1547 3657 1655 3730 peccato
1693 3669 1722 3716 44
1734 3663 1796 3716 61414
1814 3669 1967 3730 potestatem
1981 3663 2131 3732 deliniendi,
2152 3679 2202 3718 non
2219 3667 2257 3718 444
2270 3677 2328 3728 pro·

341 3755 461 3822 rationis,
479 3761 510 3810 ut
527 3761 649 3808 movetur
661 3753 845 3820 deliberative,
868 3757 980 3808 maxime
1016 3765 1128 3820 perse,
1148 3751 1195 3804 446
1213 3757 1316 3804 tautum
1334 3757 1363 3804 ut
1382 3749 1485 3804 obiecto
1503 3751 1656 3806 detestando
1694 3753 1750 3816 prie
1767 3753 1893 3818 potentia,
1915 3753 1961 3806 sed
1974 3753 2144 3816 impotential
2165 3753 2216 3804 748
2228 3765 2285 3816 arg.
2303 3753 2328 3804 3.

341 3843 405 3896 41146
424 3843 498 3912 quod
517 3843 656 3896 attenditur
668 3841 816 3896 secundum
834 3847 922 3896 actum
941 3857 979 3894 ra·
1017 3841 1026 3892 l
1045 3843 1078 3894 32
1097 3839 1116 3894 b
1135 3855 1185 3906 sq,
1201 3837 1241 3890 3⁴¹.
1262 3839 1314 3892 626
1332 3837 1363 3892 3*
1380 3869 1416 3882 -
1429 3841 1655 3906 depravatpoten·
1692 3841 1711 3892 ll
1731 3841 1782 3892 988
1802 3841 1827 3894 6.
1848 3839 1872 3894 4.
1892 3841 1960 3894 4004
1982 3839 2009 3894 6*
2027 3869 2061 3880 -
2081 3843 2196 3894 Potentia
2221 3853 2325 3908 peccan-

341 3933 432 3996 lionis,
452 3931 548 3998 quiesi
568 3945 688 3996 sursum,
701 3933 725 3984 44
738 3943 807 3998 quae
825 3929 922 3984 directe
935 3945 979 3996 op·
1016 3931 1079 3982 tiam
1091 3931 1242 3996 voluntatis,
1255 3937 1340 3984 tamen
1357 3943 1407 3982 uou
1422 3927 1500 3984 habet
1517 3929 1551 3982 ad
1570 3933 1654 3996 ipsam
1694 3927 1719 3980 di
1739 3929 1883 3984 secundum
1902 3927 1967 3984 illud
1986 3929 2058 3998 quod
2075 3937 2115 3984 est
2132 3933 2189 3984 4444
2207 3935 2328 3996 44444444

341 4025 474 4086 44444444
492 4017 635 4072 virtutibus
656 4017 812 4082 theologicis
834 4017 854 4070 ll
879 4017 931 4070 946
950 4017 978 4072 2*
1016 4017 1218 4084 repugnantiam
1243 4019 1262 4070 ll
1291 4017 1361 4070 4004
1388 4017 1459 4070 b-
1484 4031 1534 4070 uon
1564 4019 1656 4072 minuit
1692 4017 1813 4086 actionis,
1832 4017 1867 4070 ad
1884 4031 1962 4084 quam
1978 4021 2030 4084 est,
2050 4021 2194 4072 continetur
2213 4017 2262 4072 snb
2284 4031 2328 4084 go—

339 4135 376 4148 -·
395 4111 478 4174 potest
491 4121 548 4160 4444
567 4109 592 4160 44
605 4107 734 4160 4444114444
755 4113 782 4158 44
802 4105 975 4176 deliberante,
1016 4109 1141 4158 rationem
1160 4107 1316 4172 voluntatis,
1334 4107 1401 4158 sicut
1420 4107 1547 4158 rationem
1567 4113 1654 4172 poten·
1693 4119 1755 4158 nero
1781 4107 1926 4172 potentiae,
1951 4107 1999 4158 sed
2023 4107 2051 4158 in
2074 4109 2269 4170 comparatione
2294 4107 2328 4160 ad

340 4197 536 4260 circumscripto
563 4197 635 4248 omni
656 4191 819 4260 imaginabili
837 4195 855 4246 ll
878 4195 929 4248 466
950 4193 978 4248 2*
1016 4195 1068 4248 4444
1084 4191 1146 4248 ibid.
1692 4193 1775 4256 ipsam
1796 4193 1986 4248 deformitatem
2004 4197 2153 4246 44444444
2174 4209 2268 4260 genere
2283 4209 2326 4260 po·

338 4309 374 4320 -
393 4285 525 4350 spirituale
543 4283 624 4336 habet
647 4281 704 4336 lieri
722 4287 748 4334 et
772 4295 831 4336 esse
853 4283 881 4334 in
899 4297 977 4348 supe·
1054 4283 1085 4334 40
1105 4297 1209 4336 -nou
1236 4287 1274 4334 444
1303 4281 1395 4334 4044
1414 4283 1503 4350 aliquo
1529 4281 1610 4334 modo
1634 4285 1653 4334 ll
1691 4283 1797 4348 tentiae,
1815 4283 1895 4334 immo
1909 4283 1996 4348 potius
2013 4271 2326 4348 impotentiaellttldtb

338 4371 400 4424 riori
423 4377 498 4436 parte
522 4371 630 4424 rationis
655 4369 804 4424 secuudum
829 4383 856 4422 se
882 4371 976 4422 14674
1017 4371 1085 4422 4000
1105 4371 1124 4424 t.
1145 4371 1208 4422 2-
1222 4371 1291 4422 0444
1310 4369 1380 4424 44114
1398 4371 1479 4424 modo
1500 4375 1583 4436 444444
1596 4385 1653 4436 pec·
1691 4395 1726 4410 —
1740 4371 1853 4422 Potentia
1867 4371 1992 4438 44444464
2004 4371 2190 4442 ratioueactus
2202 4373 2325 4426 substrati

338 4461 354 4512 l.
374 4461 402 4512 6.
421 4459 474 4512 675
492 4473 518 4512 4.
535 4459 587 4512 678
605 4461 624 4512 4.
643 4461 653 4512 4
671 4485 708 4500 -
728 4459 833 4512 4444414
850 4471 903 4512 non
922 4463 977 4524 pot·
1015 4473 1076 4512 4444
1093 4461 1114 4512 41
1134 4459 1198 4512 4001
1221 4457 1252 4512 2*
1270 4485 1307 4498 -
1324 4459 1394 4512 0444
1412 4473 1464 4512 non
1491 4465 1577 4524 potest
1594 4473 1653 4526 pec·
1691 4457 1754 4512 dicit
1770 4461 1928 4528 potentiam,
1945 4461 2007 4526 quia
2020 4459 2082 4512 64444
2101 4461 2271 4526 positionem;
2286 4475 2326 4514 ra-

338 4553 377 4602 444
395 4563 453 4602 4444
470 4549 497 4600 44
516 4549 645 4614 superiori
657 4553 732 4614 parte
752 4547 857 4600 rationis
878 4545 977 4614 absque
1016 4561 1089 4614 care,
1109 4549 1169 4614 quia
1188 4561 1239 4600 nou
1256 4551 1293 4600 est
1313 4549 1426 4614 potentia
1445 4545 1479 4602 40.
1500 4547 1517 4602 b
1539 4545 1602 4602 Vide
1625 4547 1653 4602 V.
1692 4547 1761 4602 tione
1778 4545 1895 4602 detectus
1914 4551 2108 4616 impotentiam,
2121 4551 2182 4616 quia
2195 4549 2256 4602 dicit
2274 4551 2328 4614 pri·

338 4635 454 4690 luteriori
471 4635 489 4688 ll
511 4635 561 4690 676
581 4651 609 4698 4,
632 4633 659 4686 4*
678 4665 712 4674 -
734 4635 828 4700 hogen
845 4641 873 4690 44
890 4637 978 4688 mulie·
1015 4635 1170 4692 Motum-o
1188 4637 1242 4690 044
1268 4639 1293 4688 44
1321 4635 1349 4690 V.
1370 4635 1464 4704 04144.
1487 4665 1521 4674 -
1539 4637 1652 4690 Potentia
1691 4635 2327 4704 444444441140026*-0444414444444464

338 4725 374 4778 ris
393 4725 477 4778 144444
497 4727 572 4790 parte
588 4725 717 4790 superiori
737 4725 756 4776 ll
775 4721 827 4776 674
846 4723 894 4776 46
1016 4725 1143 4790 peccandi
1160 4725 1233 4778 nullo
1256 4725 1335 4778 modo
1355 4725 1477 4778 convenit
1503 4725 1569 4794 044,
1591 4727 1652 4794 quia
1690 4727 1790 4778 ratione
1809 4729 1881 4778 actus
1898 4725 2020 4780 substrati
2035 4725 2097 4780 dicit
2115 4727 2255 4792 potentiam
2269 4727 2327 4780 octi-

372 4815 444 4866 9-
462 4827 539 4866 omne
568 4811 600 4866 ab
625 4803 711 4878 aliqua
740 4811 873 4866 voluntale
901 4819 941 4866 est
958 4813 975 4864 ll
1015 4827 1121 4880 semper
1148 4815 1281 4866 concernit
1310 4813 1440 4866 delectum
1466 4815 1476 4866 l
1500 4815 1552 4866 750
1571 4811 1600 4866 3*
1618 4843 1653 4854 -
1691 4827 1752 4866 vam
1770 4817 1797 4866 et
1815 4811 1983 4878 defectivam,
2003 4815 2163 4866 sodratlone
2183 4815 2327 4868 determita-

338 4899 385 4954 764
408 4915 465 4968 arg.
483 4903 500 4952 2
518 4929 553 4940 -
574 4901 639 4954 'lota
658 4915 735 4954 causa
756 4901 854 4966 peccati
875 4905 913 4954 444
932 4915 977 4954 vo·
1015 4897 1129 4956 Potentia
1151 4901 1291 4968 peccandi,
1314 4905 1338 4954 44
1365 4907 1492 4970 quantum
1517 4905 1652 4956 huiusmo-
1691 4903 1721 4954 tis
1742 4899 1803 4954 dicit
1820 4901 1970 4966 simpliciter
1991 4903 2121 4956 deiectum
2139 4903 2147 4952 1
2168 4899 2267 4956 7603*
2292 4929 2327 4944 -

338 4991 421 5044 luntas
441 4987 552 5042 16704
573 5019 607 5028 -
627 4989 855 5064 Causadetlcieus
876 4991 975 5056 peccati
1014 4991 1053 5058 di,
1081 4989 1234 5046 adversatur
1264 4989 1368 5044 divinae
1395 4991 1650 5058 444441444144000
1691 4991 1801 5044 Eileotus
1824 4989 1918 5056 culpae
1943 4989 2004 5046 dicit
2030 4989 2220 5058 ignobilitatem
2240 4997 2264 5044 et
2283 4991 2328 5042 im·

338 5077 870 5134 444444444444144444444444144362
890 5079 975 5144 arpi
1014 5079 1031 5134 i.
1061 5079 1131 5130 l-
1154 5079 1270 5134 Potentia
1298 5079 1440 5148 peccandi,
1469 5081 1650 5152 inquantum
1691 5079 1875 5144 perlectionem
1892 5083 1918 5130 44
1937 5079 2067 5132 delectum
2086 5079 2120 5132 141
2139 5081 2174 5132 22
2192 5077 2222 5130 5*

337 5197 369 5206 -
389 5181 439 5220 444
461 5169 566 5222 4444444
586 5169 807 5232 pervoluntatem
827 5167 908 5220 1676
928 5167 974 5220 44
1009 5165 1354 5232 44444444644441444444
1379 5169 1512 5236 exemplar
1529 5171 1556 5220 iu
1581 5169 1649 5236 044,
1743 5195 1776 5206 -—
1797 5167 1908 5220 Potentia
1938 5169 2065 5232 peccandi
2092 5167 2154 5220 dicit
2186 5167 2325 5232 potentiam

337 5283 371 5296 -··
390 5269 481 5320 omne,
494 5259 550 5310 sire
563 5259 675 5310 exterius
695 5259 752 5310 sive
770 5257 891 5322 44444444,
908 5261 973 5308 4444
1014 5257 1075 5324 quia
1093 5257 1257 5322 impossibile
1275 5265 1330 5326 est,
1350 5255 1424 5324 quod
1444 5259 1513 5310 Deus
1530 5265 1622 5322 peccet
1634 5259 1651 5310 ll
1691 5253 1764 5308 tiberi
1782 5255 1893 5322 arbitrii,
1913 5255 1955 5308 vel
1976 5255 2035 5308 dicit
2057 5255 2197 5320 potentiam
2216 5257 2250 5308 ad
2267 5269 2326 5320 pec·

338 5345 469 5398 voluntate
496 5345 516 5396 ll
535 5345 587 5396 936
605 5343 624 5396 b
644 5373 678 5382 -
698 5349 735 5398 est
758 5347 832 5398 aetus
854 5343 975 5398 volunta·
1018 5343 1082 5396 1001
1105 5345 1123 5398 4.
1144 5345 1159 5398 6
1178 5345 1317 5400 -Homo
1340 5345 1486 5400 secundum
1511 5347 1650 5412 potentium
1690 5349 1776 5398 catum
1796 5341 1966 5412 ordinabilem
1994 5343 2094 5394 111004
2120 5357 2148 5408 4,
2171 5343 2198 5394 4*
2222 5369 2258 5382 -
2282 5343 2326 5396 Po·

336 5435 381 5500 tis,
400 5431 545 5488 secuudum
566 5433 639 5500 quod
656 5433 807 5492 estvitium
827 5439 851 5486 et
872 5433 975 5486 deordi-
1013 5433 1140 5498 peccandi
1157 5447 1210 5486 non
1229 5433 1387 5486 assimilatur
1411 5433 1478 5502 Deo,
1499 5433 1544 5488 sed
1565 5435 1651 5500 potius
1691 5433 1766 5486 tentia
1785 5431 1911 5496 peccandi
1932 5443 1983 5482 non
2000 5431 2062 5484 dicit
2078 5431 2325 5486 actualemordina·

336 5523 416 5588 notio,
446 5535 516 5586 quae
541 5535 556 5574 a
579 5521 713 5574 voluntate
739 5519 820 5574 habet
845 5529 933 5574 ortum
953 5523 973 5574 ll
1013 5521 1118 5574 diabolo
1136 5519 1198 5576 inid.
1689 5523 1784 5574 tionem
1814 5517 1846 5572 46
1877 5519 2020 5584 deiectum,
2050 5519 2096 5574 sed
2125 5521 2283 5574 habitualem
2307 5521 2325 5574 lt

336 5607 387 5660 952
414 5607 587 5660 b—omne
613 5611 738 5662 oritura
767 5609 900 5680 voluntate
926 5625 974 5674 per
1067 5637 1098 5646 —
1118 5609 1200 5676 Nihil,
1220 5611 1247 5662 in
1266 5615 1392 5676 quantum
1411 5617 1549 5674 peccatum
1563 5617 1587 5664 44
1605 5609 1650 5662 de·
1691 5607 1758 5660 1003
1777 5607 1804 5660 b.
1825 5607 1892 5658 4004
1913 5607 1942 5658 5*
1959 5635 1995 5648 -
2015 5609 2127 5664 Potentia
2144 5609 2270 5676 peccandi
2283 5609 2325 5662 vel

336 5695 540 5762 obliquationem
566 5709 582 5748 a
606 5695 658 5748 line
685 5695 747 5750 told.
766 5723 801 5734 -
821 5701 858 5748 est
876 5709 907 5748 ex
926 5711 973 5750 vo·
1013 5697 1168 5760 ordinatum,
1190 5697 1649 5752 4414044118586.3--0444
1689 5697 1805 5750 nominat
1817 5697 1902 5760 ipsum
1917 5697 2028 5750 liberum
2042 5697 2179 5752 arbitrium
2192 5695 2323 5766 creatum,

335 5783 438 5836 luntatis
462 5781 651 5836 inordinatione
668 5785 687 5834 ll
708 5783 759 5836 853
779 5797 792 5834 4
812 5811 847 5822 -
866 5787 973 5848 proprie
1012 5797 1063 5836 non
1083 5787 1143 5838 lacit
1160 5789 1298 5850 peccatum
1312 5799 1359 5838 nec
1378 5787 1439 5838 lacit
1456 5785 1571 5850 aliquem
1588 5799 1650 5848 pec·
1689 5791 1883 5854 quatenusper
1901 5789 1941 5840 sui
1958 5795 2076 5842 naturam
2096 5793 2135 5842 est
2153 5787 2324 5852 defectivum,

335 5875 372 5924 est
391 5871 532 5924 voluntatis
548 5871 568 5922 11
588 5867 641 5922 718
659 5883 717 5936 arg.
735 5871 752 5922 4
773 5899 806 5908 ·-
824 5883 874 5922 non
890 5875 974 5934 potest
1012 5887 1072 5924 care
1090 5887 1138 5924 nec
1156 5873 1216 5924 iacit
1234 5873 1346 5940 aliquid,
1367 5885 1419 5940 quo
1446 5871 1512 5924 tarto
1531 5887 1650 5926 necessa·
1688 5875 1729 5928 vel
1750 5877 1889 5940 potentiam
1903 5883 1933 5930 ut
1948 5877 2094 5930 ordinatam
2108 5877 2140 5928 ad
2160 5875 2325 5940 peccandum

335 5973 393 6014 esse
411 5959 444 6012 ab
465 5961 515 6030 alio
534 5963 628 6024 agente
648 5957 735 6012 14763
758 5955 786 6010 1*
1012 5961 1049 6012 444
1070 5961 1187 6026 sequitur
1205 5963 1342 6024 peccatum
1364 5961 1463 6012 ratione
1481 5961 1551 6014 illius
1577 5961 1647 6028 quod
1689 5963 1786 6016 411269
1808 5979 1821 6016 4

385 6077 420 6088 -
439 6051 528 6102 omnia
546 6047 581 6102 de
598 6047 792 6102 cordlsaiiectu
812 6045 972 6114 procedunt,
1013 6047 1081 6100 Deus
1108 6047 1167 6100 lacit
1196 6049 1214 6100 ll
1242 6045 1293 6100 874
1313 6047 1332 6102 h
1349 6073 1386 6088 ·-
1404 6049 1476 6114 quod
1505 6055 1543 6102 444
1563 6063 1648 6116 44444
1740 6079 1775 6092 -
1794 6053 1907 6108 Potentia
1927 6051 2324 6118 estordiuabilisadpeccalum

333 6135 379 6192 sed
400 6153 447 6204 per
465 6137 584 6190 diversas
596 6139 725 6204 potentias
743 6135 972 6190 subministrantes
1013 6137 1126 6204 peccati,
1148 6149 1200 6188 non
1224 6141 1265 6188 est
1282 6149 1297 6186 a
1316 6135 1371 6188 Deo
1397 6137 1446 6188 uisi
1469 6137 1497 6190 in
1521 6145 1648 6204 quantum
1688 6147 1808 6206 respectu
1830 6141 2001 6196 determitatis
2025 6155 2073 6208 per
2090 6140 2322 6204 delectibilltatem,

335 6225 367 6280 lV
389 6225 438 6278 600
460 6223 486 6276 1*
506 6225 681 6280 -Voluntas
695 6225 888 6280 contemnendo
901 6239 973 6280 aver·
1011 6239 1095 6292 poena
1114 6225 1134 6278 ll
1153 6225 1205 6278 868
1224 6225 1251 6278 6.
1271 6221 1420 6276 3-444444
1441 6225 1572 6282 substrata
1587 6243 1647 6294 pec·
1688 6243 1755 6296 quae
1773 6231 1856 6282 estin
1877 6237 1994 6284 creatura
2012 6231 2218 6296 rationall‚quia
2240 6241 2269 6280 44
2289 6229 2324 6280 ni·
2366 6243 2368 6248 ’

334 6315 408 6382 titur,
426 6313 491 6366 dum
515 6315 548 6366 ad
574 6313 673 6366 bonum
699 6315 888 6368 commutabile
914 6327 973 6368 con·
1010 6319 1068 6370 cato
1086 6319 1125 6366 esi
1144 6329 1156 6366 a
1178 6315 1230 6368 lieo
1250 6311 1330 6366 1748
1348 6327 1405 6378 arg.
1425 6315 1489 6367 3.11
1509 6315 1560 6368 874
1580 6333 1646 6386 asq.
1688 6317 1738 6370 hilo
1757 6319 1775 6370 ll
1796 6319 1859 6372 4004
1884 6333 1952 6372 a—
1970 6319 2084 6372 Potentia
2111 6317 2236 6384 44444464
2263 6315 2327 6368 64444

333 6405 441 6456 vertitur
455 6415 506 6456 uon
527 6403 609 6456 solum
623 6409 752 6470 quantum
767 6401 798 6454 ad
812 6407 900 6456 actum
914 6417 972 6468 pro·
1010 6403 1061 6456 972
1082 6399 1197 6456 4*.1004
1215 6417 1238 6456 4.
1259 6403 1291 6456 lli
1306 6403 1356 6456 859
1378 6399 1406 6454 2*
1428 6401 1494 6470 Vide
1514 6401 1542 6458 V.
1556 6405 1648 6462 Actio·
1686 6405 1902 6460 defectibilitatem
1922 6409 1948 6460 in
1967 6407 2083 6462 rationali
2105 6411 2236 6474 creatura,
2255 6417 2322 6472 quae

333 6491 435 6558 prium,
464 6491 511 6544 sed
539 6493 616 6546 etiam
647 6491 776 6546 interioris
802 6495 934 6556 potentiae
953 6495 971 6546 lt
1009 6489 1092 6546 444444.
1108 6491 1311 6546 -hctiomala
1331 6495 1368 6544 est
1391 6491 1476 6546 aDeo
1502 6495 1648 6548 secuudum
1687 6497 1754 6548 inest
1770 6497 1809 6562 ei,
1828 6497 1853 6546 iu
1874 6501 1999 6564 quantum
2018 6511 2051 6548 44
2069 6497 2148 6548 nihilo
2168 6495 2323 6548 habetesso

332 6579 378 6632 sot
404 6595 473 6632 4-
489 6577 574 6634 Causa
602 6581 702 6644 peccati
729 6585 770 6634 est
795 6591 855 6644 cor,
879 6593 972 6634 sensus
1009 6579 1083 6648 quod
1105 6583 1189 6646 actio,
1217 6595 1268 6632 uon
1286 6585 1317 6632 ut
1338 6581 1404 6632 iusta
1424 6591 1471 6634 nec
1495 6589 1523 6636 ut
1541 6585 1647 6650 iniusta,
1686 6585 1704 6636 ll
1724 6581 2033 6642 10045*-64464ο444
2052 6589 2137 6650 444444
2155 6585 2322 6648 4441444444,

333 6671 393 6720 4444
410 6671 511 6720 tanturn
531 6669 681 6720 occasiones
701 6669 733 6720 lV
753 6665 804 6718 372
825 6681 882 6732 arg.
902 6667 915 6720 3
936 6695 972 6708 --
1009 6669 1054 6722 sed
1076 6669 1548 6724 44644454444444444444411777
1569 6671 1631 6726 6.6
1686 6675 1710 6724 44
1736 6681 1863 6740 quantum
1890 6677 1974 6738 potest
2009 6687 2022 6726 a
2051 6675 2145 6726 virtute
2175 6669 2324 6726 6414444414

332 6753 399 6808 Caro
418 6767 470 6806 non
488 6759 624 6808 44444444
654 6757 768 6822 peccati,
797 6757 846 6810 sed
868 6759 971 6810 occasio
1062 6785 1097 6798 -
1115 6759 1170 6810 Nou
1200 6759 1302 6826 decuit,
1332 6757 1448 6824 aliquam
1475 6759 1647 6814 substantiam
1687 6761 1750 6814 1001
1774 6759 1803 6812 2*
1822 6789 1856 6800 -
1876 6761 2002 6816 Voluntas
2019 6767 2103 6828 potest
2120 6773 2242 6828 peccare,
2262 6759 2322 6824 quia

332 6841 365 6892 lV
384 6843 435 6894 373
456 6841 484 6894 3*
502 6873 538 6886 -
555 6843 649 6898 Omnis
666 6845 743 6912 culpa
764 6843 909 6910 imputatur
926 6859 972 6900 vo·
1008 6849 1090 6900 creari
1109 6847 1135 6898 in
1154 6851 1213 6900 actu
1233 6845 1452 6912 444446111382
1472 6845 1501 6898 4*
1526 6877 1560 6888 -·
1579 6849 1648 6902 04444
1685 6855 1722 6902 est
1735 6865 1771 6902 44
1784 6849 1864 6902 nihilo
1882 6855 1905 6902 41
1925 6849 2061 6918 deficiens,
2079 6849 2127 6902 sed
2146 6849 2196 6900 hoc
2213 6859 2264 6900 non
2284 6849 2323 6900 esi
