<?xml version="1.0" encoding="UTF-8"?>
<!DOCTYPE html PUBLIC "-//W3C//DTD XHTML 1.0 Transitional//EN"
    "http://www.w3.org/TR/xhtml1/DTD/xhtml1-transitional.dtd">
<html xmlns="http://www.w3.org/1999/xhtml" xml:lang="en" lang="en">
 <head>
  <title>
</title>
<meta http-equiv="Content-Type" content="text/html;charset=utf-8" />
  <meta name='ocr-system' content='tesseract 3.04.00' />
  <meta name='ocr-capabilities' content='ocr_page ocr_carea ocr_par ocr_line ocrx_word'/>
</head>
<body>
  <div class='ocr_page' id='page_1' title='image "./doctorisseraphi00italgoog/doctorisseraphi00italgoog_0117.png"; bbox 0 0 5792 8392; ppageno 0'>
   <div class='ocr_carea' id='block_1_1' title="bbox 334 573 2024 718">
    <p class='ocr_par' dir='ltr' id='par_1_1' title="bbox 334 573 2024 718">
     <span class='ocr_line' id='line_1_1' title="bbox 334 573 1489 662; baseline -0.003 -16"><span class='ocrx_word' id='word_1_1' title='bbox 334 581 395 648; x_wconf 87' lang='grc'>400</span> <span class='ocrx_word' id='word_1_2' title='bbox 492 659 493 662; x_wconf 9' lang='lat'>¹</span> <span class='ocrx_word' id='word_1_3' title='bbox 1161 573 1277 642; x_wconf 88' lang='grc'>400444</span> <span class='ocrx_word' id='word_1_4' title='bbox 1298 575 1489 642; x_wconf 79' lang='lat' dir='ltr'>secundus</span> 
     </span>
     <span class='ocr_line' id='line_1_2' title="bbox 390 663 2024 718; baseline -0.001 0"><span class='ocrx_word' id='word_1_5' title='bbox 390 669 393 676; x_wconf 88' lang='lat'>&#39;</span> <span class='ocrx_word' id='word_1_6' title='bbox 615 665 666 718; x_wconf 84' lang='lat' dir='ltr'>DlF</span> <span class='ocrx_word' id='word_1_7' title='bbox 1972 663 2024 716; x_wconf 80' lang='lat' dir='ltr'>nih</span> 
     </span>
    </p>
   </div>
   <div class='ocr_carea' id='block_1_2' title="bbox 324 749 2359 3828">
    <p class='ocr_par' dir='ltr' id='par_1_2' title="bbox 329 749 2359 2406">
     <span class='ocr_line' id='line_1_3' title="bbox 383 749 2320 820; baseline -0.002 -12"><span class='ocrx_word' id='word_1_8' title='bbox 383 757 559 818; x_wconf 87' lang='lat' dir='ltr'>-septimus</span> <span class='ocrx_word' id='word_1_9' title='bbox 577 759 618 806; x_wconf 92' lang='lat' dir='ltr'>est</span> <span class='ocrx_word' id='word_1_10' title='bbox 635 753 751 820; x_wconf 90' lang='lat' dir='ltr'>quodam</span> <span class='ocrx_word' id='word_1_11' title='bbox 771 753 852 804; x_wconf 91' lang='lat' dir='ltr'>medo</span> <span class='ocrx_word' id='word_1_12' title='bbox 869 753 895 804; x_wconf 92' lang='lat' dir='ltr'>in</span> <span class='ocrx_word' id='word_1_13' title='bbox 916 753 972 804; x_wconf 88' lang='lat' dir='ltr'>aliis</span> <span class='ocrx_word' id='word_1_14' title='bbox 1006 759 1095 806; x_wconf 81' lang='lat' dir='ltr'>-est</span> <span class='ocrx_word' id='word_1_15' title='bbox 1107 759 1184 804; x_wconf 88' lang='lat' dir='ltr'>actus</span> <span class='ocrx_word' id='word_1_16' title='bbox 1202 753 1383 816; x_wconf 79' lang='lat' dir='ltr'><strong>completionis</strong></span> <span class='ocrx_word' id='word_1_17' title='bbox 1402 759 1426 804; x_wconf 92' lang='grc'>04</span> <span class='ocrx_word' id='word_1_18' title='bbox 1441 753 1608 816; x_wconf 88' lang='lat' dir='ltr'>perfectionis</span> <span class='ocrx_word' id='word_1_19' title='bbox 1618 757 1646 804; x_wconf 92' lang='lat' dir='ltr'>et</span> <span class='ocrx_word' id='word_1_20' title='bbox 1682 753 1758 818; x_wconf 88' lang='grc'>04004</span> <span class='ocrx_word' id='word_1_21' title='bbox 1778 753 1899 806; x_wconf 89' lang='grc'>4400440440</span> <span class='ocrx_word' id='word_1_22' title='bbox 1916 751 1923 804; x_wconf 98' lang='lat' dir='ltr'>l</span> <span class='ocrx_word' id='word_1_23' title='bbox 1943 751 1995 804; x_wconf 90' lang='grc'>745</span> <span class='ocrx_word' id='word_1_24' title='bbox 2010 749 2138 804; x_wconf 77' lang='grc'>4*··-004</span> <span class='ocrx_word' id='word_1_25' title='bbox 2155 751 2229 818; x_wconf 88' lang='lat' dir='ltr'>boni,</span> <span class='ocrx_word' id='word_1_26' title='bbox 2246 753 2320 818; x_wconf 87' lang='lat' dir='ltr'>qued</span> 
     </span>
     <span class='ocr_line' id='line_1_4' title="bbox 332 837 2319 910; baseline -0.004 -12"><span class='ocrx_word' id='word_1_27' title='bbox 332 843 479 910; x_wconf 89' lang='lat' dir='ltr'>productus</span> <span class='ocrx_word' id='word_1_28' title='bbox 500 845 528 894; x_wconf 90' lang='lat' dir='ltr'>ut</span> <span class='ocrx_word' id='word_1_29' title='bbox 554 841 644 894; x_wconf 89' lang='lat' dir='ltr'>similis</span> <span class='ocrx_word' id='word_1_30' title='bbox 670 843 756 906; x_wconf 87' lang='lat' dir='ltr'>specie</span> <span class='ocrx_word' id='word_1_31' title='bbox 774 839 795 892; x_wconf 97' lang='lat' dir='ltr'>ll</span> <span class='ocrx_word' id='word_1_32' title='bbox 813 837 867 892; x_wconf 84' lang='lat'>387</span> <span class='ocrx_word' id='word_1_33' title='bbox 884 837 915 890; x_wconf 88' lang='grc'>9*</span> <span class='ocrx_word' id='word_1_34' title='bbox 934 867 971 880; x_wconf 91' lang='grc'>-</span> <span class='ocrx_word' id='word_1_35' title='bbox 1006 843 1147 894; x_wconf 89' lang='grc'>4000044404</span> <span class='ocrx_word' id='word_1_36' title='bbox 1166 853 1245 904; x_wconf 89' lang='grc'>04004</span> <span class='ocrx_word' id='word_1_37' title='bbox 1264 839 1320 892; x_wconf 89' lang='grc'>004</span> <span class='ocrx_word' id='word_1_38' title='bbox 1340 837 1392 890; x_wconf 92' lang='grc'>997</span> <span class='ocrx_word' id='word_1_39' title='bbox 1411 837 1438 890; x_wconf 91' lang='grc'>3*</span> <span class='ocrx_word' id='word_1_40' title='bbox 1462 837 1525 892; x_wconf 83' lang='grc'>7440</span> <span class='ocrx_word' id='word_1_41' title='bbox 1545 837 1576 894; x_wconf 92' lang='grc'>7.</span> <span class='ocrx_word' id='word_1_42' title='bbox 1598 837 1644 894; x_wconf 86' lang='grc'>00·</span> <span class='ocrx_word' id='word_1_43' title='bbox 1681 841 1761 894; x_wconf 87' lang='lat' dir='ltr'>habet</span> <span class='ocrx_word' id='word_1_44' title='bbox 1779 855 1836 894; x_wconf 89' lang='lat' dir='ltr'>esse</span> <span class='ocrx_word' id='word_1_45' title='bbox 1853 843 1880 894; x_wconf 88' lang='lat' dir='ltr'>in</span> <span class='ocrx_word' id='word_1_46' title='bbox 1900 847 1972 906; x_wconf 90' lang='lat' dir='ltr'>actu,</span> <span class='ocrx_word' id='word_1_47' title='bbox 1990 839 2034 892; x_wconf 83' lang='grc'>404</span> <span class='ocrx_word' id='word_1_48' title='bbox 2045 841 2072 890; x_wconf 87' lang='grc'>40</span> <span class='ocrx_word' id='word_1_49' title='bbox 2085 853 2162 892; x_wconf 88' lang='lat' dir='ltr'>causa</span> <span class='ocrx_word' id='word_1_50' title='bbox 2175 839 2206 890; x_wconf 97' lang='lat' dir='ltr'>lll</span> <span class='ocrx_word' id='word_1_51' title='bbox 2223 837 2319 892; x_wconf 91' lang='grc'>6984*</span> 
     </span>
     <span class='ocr_line' id='line_1_5' title="bbox 332 923 2319 996; baseline -0.002 -12"><span class='ocrx_word' id='word_1_52' title='bbox 332 933 402 988; x_wconf 86' lang='grc'>9000</span> <span class='ocrx_word' id='word_1_53' title='bbox 422 931 514 984; x_wconf 89' lang='lat' dir='ltr'>dicitur</span> <span class='ocrx_word' id='word_1_54' title='bbox 535 929 576 982; x_wconf 91' lang='lat' dir='ltr'>dle</span> <span class='ocrx_word' id='word_1_55' title='bbox 588 929 700 994; x_wconf 88' lang='lat' dir='ltr'>septimo</span> <span class='ocrx_word' id='word_1_56' title='bbox 720 927 852 994; x_wconf 87' lang='lat' dir='ltr'>quievisse</span> <span class='ocrx_word' id='word_1_57' title='bbox 864 933 972 994; x_wconf 90' lang='lat' dir='ltr'>propter</span> <span class='ocrx_word' id='word_1_58' title='bbox 1006 923 1266 984; x_wconf 80' lang='lat' dir='ltr'>ritus-obieelum-</span> <span class='ocrx_word' id='word_1_59' title='bbox 1280 927 1420 992; x_wconf 90' lang='lat' dir='ltr'>spiritualis</span> <span class='ocrx_word' id='word_1_60' title='bbox 1437 939 1557 990; x_wconf 89' lang='lat' dir='ltr'>possessa</span> <span class='ocrx_word' id='word_1_61' title='bbox 1577 927 1645 980; x_wconf 83' lang='lat' dir='ltr'>exci-</span> <span class='ocrx_word' id='word_1_62' title='bbox 1680 955 1718 968; x_wconf 90' lang='grc'><strong>-</strong></span> <span class='ocrx_word' id='word_1_63' title='bbox 1736 933 1777 980; x_wconf 89' lang='grc'>004</span> <span class='ocrx_word' id='word_1_64' title='bbox 1799 933 1919 996; x_wconf 87' lang='grc'>40000040</span> <span class='ocrx_word' id='word_1_65' title='bbox 1947 927 2061 982; x_wconf 90' lang='lat' dir='ltr'>absentis</span> <span class='ocrx_word' id='word_1_66' title='bbox 2086 931 2110 980; x_wconf 93' lang='lat' dir='ltr'>el</span> <span class='ocrx_word' id='word_1_67' title='bbox 2138 929 2281 992; x_wconf 87' lang='lat' dir='ltr'>praesentis</span> <span class='ocrx_word' id='word_1_68' title='bbox 2299 929 2319 980; x_wconf 96' lang='lat' dir='ltr'>ll</span> 
     </span>
     <span class='ocr_line' id='line_1_6' title="bbox 332 1011 2055 1086; baseline -0.002 -14"><span class='ocrx_word' id='word_1_69' title='bbox 332 1019 422 1086; x_wconf 90' lang='lat' dir='ltr'>operis</span> <span class='ocrx_word' id='word_1_70' title='bbox 439 1017 552 1070; x_wconf 87' lang='lat' dir='ltr'>inchoati</span> <span class='ocrx_word' id='word_1_71' title='bbox 569 1017 770 1080; x_wconf 76' lang='lat' dir='ltr'>completionem</span> <span class='ocrx_word' id='word_1_72' title='bbox 791 1023 918 1082; x_wconf 88' lang='lat' dir='ltr'>qnantum</span> <span class='ocrx_word' id='word_1_73' title='bbox 936 1017 971 1068; x_wconf 90' lang='lat' dir='ltr'>ad</span> <span class='ocrx_word' id='word_1_74' title='bbox 1006 1023 1043 1070; x_wconf 90' lang='lat' dir='ltr'>iat</span> <span class='ocrx_word' id='word_1_75' title='bbox 1061 1015 1222 1068; x_wconf 91' lang='lat' dir='ltr'>desiderium</span> <span class='ocrx_word' id='word_1_76' title='bbox 1237 1011 1271 1068; x_wconf 90' lang='lat' dir='ltr'>ib.</span> <span class='ocrx_word' id='word_1_77' title='bbox 1292 1013 1320 1068; x_wconf 92' lang='grc'>9*</span> <span class='ocrx_word' id='word_1_78' title='bbox 1338 1041 1373 1054; x_wconf 95' lang='grc'>-</span> <span class='ocrx_word' id='word_1_79' title='bbox 1391 1017 1417 1068; x_wconf 91' lang='grc'>40</span> <span class='ocrx_word' id='word_1_80' title='bbox 1436 1029 1488 1082; x_wconf 90' lang='lat' dir='ltr'>qua</span> <span class='ocrx_word' id='word_1_81' title='bbox 1511 1019 1550 1068; x_wconf 89' lang='lat' dir='ltr'>est</span> <span class='ocrx_word' id='word_1_82' title='bbox 1573 1029 1644 1068; x_wconf 90' lang='lat' dir='ltr'>acce·</span> <span class='ocrx_word' id='word_1_83' title='bbox 1680 1015 1733 1068; x_wconf 87' lang='grc'>545</span> <span class='ocrx_word' id='word_1_84' title='bbox 1752 1015 1790 1068; x_wconf 88' lang='grc'>4*.</span> <span class='ocrx_word' id='word_1_85' title='bbox 1808 1019 1839 1068; x_wconf 92' lang='grc'>444</span> <span class='ocrx_word' id='word_1_86' title='bbox 1856 1017 1909 1070; x_wconf 95' lang='grc'>577</span> <span class='ocrx_word' id='word_1_87' title='bbox 1926 1031 1950 1068; x_wconf 95' lang='lat' dir='ltr'>a.</span> <span class='ocrx_word' id='word_1_88' title='bbox 1970 1017 2022 1070; x_wconf 83' lang='lat'>633</span> <span class='ocrx_word' id='word_1_89' title='bbox 2040 1029 2055 1068; x_wconf 88' lang='lat' dir='ltr'>a</span> 
     </span>
     <span class='ocr_line' id='line_1_7' title="bbox 332 1101 2319 1172; baseline -0.002 -12"><span class='ocrx_word' id='word_1_90' title='bbox 332 1105 502 1172; x_wconf 80' lang='lat' dir='ltr'><strong>principalem</strong></span> <span class='ocrx_word' id='word_1_91' title='bbox 521 1105 636 1158; x_wconf 90' lang='lat' dir='ltr'>universi</span> <span class='ocrx_word' id='word_1_92' title='bbox 663 1107 871 1158; x_wconf 90' lang='lat' dir='ltr'>constitutionem</span> <span class='ocrx_word' id='word_1_93' title='bbox 889 1101 925 1158; x_wconf 90' lang='lat' dir='ltr'>ib.</span> <span class='ocrx_word' id='word_1_94' title='bbox 941 1119 970 1172; x_wconf 95' lang='lat' dir='ltr'>a,</span> <span class='ocrx_word' id='word_1_95' title='bbox 1005 1107 1087 1169; x_wconf 86' lang='lat' dir='ltr'>piatio</span> <span class='ocrx_word' id='word_1_96' title='bbox 1110 1105 1192 1170; x_wconf 89' lang='lat' dir='ltr'>ipsius</span> <span class='ocrx_word' id='word_1_97' title='bbox 1209 1105 1326 1170; x_wconf 88' lang='lat' dir='ltr'>amoris,</span> <span class='ocrx_word' id='word_1_98' title='bbox 1346 1105 1401 1168; x_wconf 89' lang='lat' dir='ltr'>ipsa</span> <span class='ocrx_word' id='word_1_99' title='bbox 1426 1103 1542 1170; x_wconf 79' lang='lat' dir='ltr'>diligitur</span> <span class='ocrx_word' id='word_1_100' title='bbox 1565 1101 1602 1156; x_wconf 87' lang='lat' dir='ltr'>ib.</span> <span class='ocrx_word' id='word_1_101' title='bbox 1617 1117 1642 1154; x_wconf 94' lang='lat' dir='ltr'>a.</span> <span class='ocrx_word' id='word_1_102' title='bbox 1738 1131 1776 1146; x_wconf 87' lang='lat'>-·</span> <span class='ocrx_word' id='word_1_103' title='bbox 1793 1105 1906 1170; x_wconf 84' lang='lat' dir='ltr'>gratuite</span> <span class='ocrx_word' id='word_1_104' title='bbox 1924 1119 1975 1158; x_wconf 93' lang='lat' dir='ltr'>non</span> <span class='ocrx_word' id='word_1_105' title='bbox 1994 1105 2079 1170; x_wconf 82' lang='lat' dir='ltr'>diligit</span> <span class='ocrx_word' id='word_1_106' title='bbox 2096 1119 2124 1158; x_wconf 90' lang='lat' dir='ltr'>se</span> <span class='ocrx_word' id='word_1_107' title='bbox 2144 1105 2192 1156; x_wconf 89' lang='grc'>4404</span> <span class='ocrx_word' id='word_1_108' title='bbox 2212 1109 2319 1170; x_wconf 86' lang='grc'>0400404</span> 
     </span>
     <span class='ocr_line' id='line_1_8' title="bbox 333 1189 2318 1260; baseline 0 -14"><span class='ocrx_word' id='word_1_109' title='bbox 333 1193 364 1246; x_wconf 87' lang='grc'>9*</span> <span class='ocrx_word' id='word_1_110' title='bbox 383 1221 420 1232; x_wconf 91' lang='grc'>-</span> <span class='ocrx_word' id='word_1_111' title='bbox 441 1193 500 1246; x_wconf 83' lang='grc'>9004</span> <span class='ocrx_word' id='word_1_112' title='bbox 522 1199 624 1246; x_wconf 84' lang='lat' dir='ltr'>sertum</span> <span class='ocrx_word' id='word_1_113' title='bbox 644 1191 715 1246; x_wconf 89' lang='lat' dir='ltr'>diem</span> <span class='ocrx_word' id='word_1_114' title='bbox 739 1193 807 1246; x_wconf 87' lang='grc'>9000</span> <span class='ocrx_word' id='word_1_115' title='bbox 832 1193 895 1244; x_wconf 93' lang='lat' dir='ltr'>nihil</span> <span class='ocrx_word' id='word_1_116' title='bbox 913 1207 971 1260; x_wconf 88' lang='lat' dir='ltr'>pro·</span> <span class='ocrx_word' id='word_1_117' title='bbox 1006 1191 1059 1246; x_wconf 92' lang='grc'>304</span> <span class='ocrx_word' id='word_1_118' title='bbox 1078 1191 1132 1246; x_wconf 87' lang='grc'>(4.4</span> <span class='ocrx_word' id='word_1_119' title='bbox 1158 1219 1192 1230; x_wconf 92' lang='grc'>-</span> <span class='ocrx_word' id='word_1_120' title='bbox 1211 1191 1267 1243; x_wconf 90' lang='grc'>0044</span> <span class='ocrx_word' id='word_1_121' title='bbox 1284 1189 1424 1242; x_wconf 76' lang='lat' dir='ltr'>liberaliter</span> <span class='ocrx_word' id='word_1_122' title='bbox 1444 1197 1472 1244; x_wconf 92' lang='lat' dir='ltr'>et</span> <span class='ocrx_word' id='word_1_123' title='bbox 1493 1191 1592 1244; x_wconf 90' lang='lat' dir='ltr'>fortiter</span> <span class='ocrx_word' id='word_1_124' title='bbox 1608 1191 1643 1242; x_wconf 87' lang='lat' dir='ltr'>lV</span> <span class='ocrx_word' id='word_1_125' title='bbox 1679 1193 1763 1244; x_wconf 89' lang='lat' dir='ltr'>Deum</span> <span class='ocrx_word' id='word_1_126' title='bbox 1784 1193 1800 1244; x_wconf 98' lang='lat' dir='ltr'>ll</span> <span class='ocrx_word' id='word_1_127' title='bbox 1821 1193 1870 1246; x_wconf 91' lang='grc'>496</span> <span class='ocrx_word' id='word_1_128' title='bbox 1892 1189 1920 1242; x_wconf 91' lang='grc'>3*</span> <span class='ocrx_word' id='word_1_129' title='bbox 1941 1191 2004 1246; x_wconf 83' lang='lat' dir='ltr'>Vide</span> <span class='ocrx_word' id='word_1_130' title='bbox 2027 1193 2053 1246; x_wconf 89' lang='lat' dir='ltr'>V.</span> <span class='ocrx_word' id='word_1_131' title='bbox 2073 1193 2159 1248; x_wconf 81' lang='grc'>444404-</span> <span class='ocrx_word' id='word_1_132' title='bbox 2174 1197 2202 1244; x_wconf 89' lang='grc'>04</span> <span class='ocrx_word' id='word_1_133' title='bbox 2222 1191 2253 1244; x_wconf 87' lang='grc'>7.</span> <span class='ocrx_word' id='word_1_134' title='bbox 2272 1191 2318 1246; x_wconf 81' lang='lat' dir='ltr'>Ou-</span> 
     </span>
     <span class='ocr_line' id='line_1_9' title="bbox 331 1279 2318 1346; baseline 0 -14"><span class='ocrx_word' id='word_1_135' title='bbox 331 1281 403 1334; x_wconf 89' lang='lat' dir='ltr'>ducit</span> <span class='ocrx_word' id='word_1_136' title='bbox 416 1293 527 1346; x_wconf 90' lang='lat' dir='ltr'>novum,</span> <span class='ocrx_word' id='word_1_137' title='bbox 548 1281 687 1332; x_wconf 89' lang='lat' dir='ltr'>euiusnon</span> <span class='ocrx_word' id='word_1_138' title='bbox 699 1283 871 1346; x_wconf 87' lang='lat' dir='ltr'>praecesserit</span> <span class='ocrx_word' id='word_1_139' title='bbox 884 1281 970 1334; x_wconf 92' lang='lat' dir='ltr'>simile</span> <span class='ocrx_word' id='word_1_140' title='bbox 1007 1281 1076 1332; x_wconf 92' lang='grc'>4045</span> <span class='ocrx_word' id='word_1_141' title='bbox 1100 1279 1116 1334; x_wconf 93' lang='lat' dir='ltr'>b</span> <span class='ocrx_word' id='word_1_142' title='bbox 1136 1305 1173 1318; x_wconf 90' lang='lat'>—</span> <span class='ocrx_word' id='word_1_143' title='bbox 1193 1279 1360 1332; x_wconf 85' lang='lat' dir='ltr'>transformat</span> <span class='ocrx_word' id='word_1_144' title='bbox 1386 1285 1473 1332; x_wconf 87' lang='lat' dir='ltr'>emata</span> <span class='ocrx_word' id='word_1_145' title='bbox 1496 1283 1524 1332; x_wconf 89' lang='lat' dir='ltr'>et</span> <span class='ocrx_word' id='word_1_146' title='bbox 1545 1281 1644 1332; x_wconf 92' lang='lat' dir='ltr'>conior·</span> <span class='ocrx_word' id='word_1_147' title='bbox 1679 1279 1845 1334; x_wconf 82' lang='lat' dir='ltr'>rilus-iieus</span> <span class='ocrx_word' id='word_1_148' title='bbox 1861 1307 1897 1320; x_wconf 86' lang='lat'>·-</span> <span class='ocrx_word' id='word_1_149' title='bbox 1914 1279 2058 1332; x_wconf 88' lang='lat' dir='ltr'>inordinate</span> <span class='ocrx_word' id='word_1_150' title='bbox 2078 1295 2104 1334; x_wconf 90' lang='lat' dir='ltr'>se</span> <span class='ocrx_word' id='word_1_151' title='bbox 2123 1281 2262 1346; x_wconf 79' lang='lat' dir='ltr'>diligentes</span> <span class='ocrx_word' id='word_1_152' title='bbox 2283 1281 2318 1332; x_wconf 89' lang='lat' dir='ltr'>af·</span> 
     </span>
     <span class='ocr_line' id='line_1_10' title="bbox 331 1365 2359 1434; baseline 0 -12"><span class='ocrx_word' id='word_1_153' title='bbox 331 1371 375 1424; x_wconf 91' lang='lat' dir='ltr'>vel</span> <span class='ocrx_word' id='word_1_154' title='bbox 401 1371 571 1422; x_wconf 87' lang='lat' dir='ltr'>seminarium</span> <span class='ocrx_word' id='word_1_155' title='bbox 599 1370 618 1422; x_wconf 95' lang='lat' dir='ltr'>ll</span> <span class='ocrx_word' id='word_1_156' title='bbox 638 1371 688 1422; x_wconf 92' lang='grc'>448</span> <span class='ocrx_word' id='word_1_157' title='bbox 708 1369 727 1422; x_wconf 92' lang='grc'>4.</span> <span class='ocrx_word' id='word_1_158' title='bbox 745 1371 771 1422; x_wconf 92' lang='grc'>0.</span> <span class='ocrx_word' id='word_1_159' title='bbox 791 1371 841 1422; x_wconf 89' lang='grc'>388</span> <span class='ocrx_word' id='word_1_160' title='bbox 870 1370 896 1422; x_wconf 90' lang='lat' dir='ltr'>b.</span> <span class='ocrx_word' id='word_1_161' title='bbox 918 1369 969 1420; x_wconf 91' lang='grc'>390</span> <span class='ocrx_word' id='word_1_162' title='bbox 1004 1373 1059 1422; x_wconf 87' lang='grc'>4004</span> <span class='ocrx_word' id='word_1_163' title='bbox 1077 1369 1127 1434; x_wconf 91' lang='grc'>4004</span> <span class='ocrx_word' id='word_1_164' title='bbox 1146 1369 1242 1420; x_wconf 87' lang='grc'>0040044</span> <span class='ocrx_word' id='word_1_165' title='bbox 1260 1367 1290 1420; x_wconf 92' lang='grc'>444</span> <span class='ocrx_word' id='word_1_166' title='bbox 1308 1365 1361 1420; x_wconf 91' lang='grc'>700</span> <span class='ocrx_word' id='word_1_167' title='bbox 1379 1369 1397 1420; x_wconf 91' lang='grc'>4.</span> <span class='ocrx_word' id='word_1_168' title='bbox 1417 1367 1440 1420; x_wconf 89' lang='grc'>5.</span> <span class='ocrx_word' id='word_1_169' title='bbox 1458 1367 1504 1420; x_wconf 91' lang='grc'>704</span> <span class='ocrx_word' id='word_1_170' title='bbox 1530 1365 1558 1420; x_wconf 92' lang='grc'>9*</span> <span class='ocrx_word' id='word_1_171' title='bbox 1580 1365 1644 1422; x_wconf 86' lang='lat' dir='ltr'>Vide</span> <span class='ocrx_word' id='word_1_172' title='bbox 1680 1369 1747 1422; x_wconf 93' lang='lat' dir='ltr'>iectu</span> <span class='ocrx_word' id='word_1_173' title='bbox 1768 1367 1817 1420; x_wconf 91' lang='lat' dir='ltr'>sibi</span> <span class='ocrx_word' id='word_1_174' title='bbox 1845 1371 1937 1420; x_wconf 92' lang='lat' dir='ltr'>nocent</span> <span class='ocrx_word' id='word_1_175' title='bbox 1962 1369 2053 1420; x_wconf 85' lang='lat' dir='ltr'>ellectu</span> <span class='ocrx_word' id='word_1_176' title='bbox 2082 1371 2110 1422; x_wconf 95' lang='lat' dir='ltr'>lll</span> <span class='ocrx_word' id='word_1_177' title='bbox 2130 1371 2181 1422; x_wconf 90' lang='grc'>048</span> <span class='ocrx_word' id='word_1_178' title='bbox 2201 1369 2226 1422; x_wconf 89' lang='grc'>4.</span> <span class='ocrx_word' id='word_1_179' title='bbox 2246 1369 2263 1422; x_wconf 88' lang='lat'><strong>3</strong></span> <span class='ocrx_word' id='word_1_180' title='bbox 2282 1397 2317 1406; x_wconf 92' lang='lat'>-</span> <span class='ocrx_word' id='word_1_181' title='bbox 2358 1419 2359 1424; x_wconf 73' lang='grc'>,</span> 
     </span>
     <span class='ocr_line' id='line_1_11' title="bbox 331 1453 2318 1524; baseline -0.002 -12"><span class='ocrx_word' id='word_1_182' title='bbox 331 1459 360 1512; x_wconf 92' lang='lat' dir='ltr'>d.</span> <span class='ocrx_word' id='word_1_183' title='bbox 377 1455 400 1510; x_wconf 91' lang='grc'>4.</span> <span class='ocrx_word' id='word_1_184' title='bbox 424 1455 474 1510; x_wconf 89' lang='grc'>437</span> <span class='ocrx_word' id='word_1_185' title='bbox 496 1455 521 1510; x_wconf 92' lang='grc'>4*</span> <span class='ocrx_word' id='word_1_186' title='bbox 544 1485 578 1498; x_wconf 91' lang='grc'>-</span> <span class='ocrx_word' id='word_1_187' title='bbox 600 1459 672 1512; x_wconf 88' lang='grc'>9000</span> <span class='ocrx_word' id='word_1_188' title='bbox 693 1465 753 1524; x_wconf 86' lang='grc'>0004</span> <span class='ocrx_word' id='word_1_189' title='bbox 776 1465 878 1512; x_wconf 83' lang='lat' dir='ltr'>sextum</span> <span class='ocrx_word' id='word_1_190' title='bbox 897 1455 969 1508; x_wconf 91' lang='lat' dir='ltr'>diem</span> <span class='ocrx_word' id='word_1_191' title='bbox 995 1455 1039 1508; x_wconf 93' lang='lat' dir='ltr'>·V.</span> <span class='ocrx_word' id='word_1_192' title='bbox 1057 1455 1143 1510; x_wconf 81' lang='grc'>44004</span> <span class='ocrx_word' id='word_1_193' title='bbox 1161 1483 1195 1494; x_wconf 88' lang='grc'>-</span> <span class='ocrx_word' id='word_1_194' title='bbox 1215 1461 1305 1508; x_wconf 91' lang='lat' dir='ltr'>mutua</span> <span class='ocrx_word' id='word_1_195' title='bbox 1334 1455 1473 1522; x_wconf 80' lang='lat' dir='ltr'>perfectior</span> <span class='ocrx_word' id='word_1_196' title='bbox 1498 1465 1539 1510; x_wconf 90' lang='lat' dir='ltr'>est</span> <span class='ocrx_word' id='word_1_197' title='bbox 1562 1469 1642 1524; x_wconf 91' lang='lat' dir='ltr'>quam</span> <span class='ocrx_word' id='word_1_198' title='bbox 1680 1457 1804 1510; x_wconf 88' lang='grc'>004040440</span> <span class='ocrx_word' id='word_1_199' title='bbox 1817 1455 1918 1524; x_wconf 89' lang='lat' dir='ltr'>quaerit</span> <span class='ocrx_word' id='word_1_200' title='bbox 1930 1457 2067 1520; x_wconf 92' lang='lat' dir='ltr'>proprium</span> <span class='ocrx_word' id='word_1_201' title='bbox 2082 1457 2261 1524; x_wconf 90' lang='lat' dir='ltr'>commodum,</span> <span class='ocrx_word' id='word_1_202' title='bbox 2271 1453 2318 1510; x_wconf 88' lang='lat' dir='ltr'>sed</span> 
     </span>
     <span class='ocr_line' id='line_1_12' title="bbox 330 1541 2317 1610; baseline -0.002 -12"><span class='ocrx_word' id='word_1_203' title='bbox 330 1545 413 1600; x_wconf 87' lang='lat' dir='ltr'>multa</span> <span class='ocrx_word' id='word_1_204' title='bbox 431 1547 491 1600; x_wconf 92' lang='lat' dir='ltr'>fecit</span> <span class='ocrx_word' id='word_1_205' title='bbox 507 1551 534 1600; x_wconf 89' lang='lat' dir='ltr'>et</span> <span class='ocrx_word' id='word_1_206' title='bbox 553 1549 612 1602; x_wconf 89' lang='lat' dir='ltr'>lacit</span> <span class='ocrx_word' id='word_1_207' title='bbox 629 1549 786 1598; x_wconf 79' lang='lat' dir='ltr'>miraculose</span> <span class='ocrx_word' id='word_1_208' title='bbox 803 1543 846 1596; x_wconf 92' lang='lat' dir='ltr'>vel</span> <span class='ocrx_word' id='word_1_209' title='bbox 864 1543 969 1598; x_wconf 84' lang='lat' dir='ltr'>otirabi-</span> <span class='ocrx_word' id='word_1_210' title='bbox 1004 1545 1100 1598; x_wconf 88' lang='lat' dir='ltr'>reflexa</span> <span class='ocrx_word' id='word_1_211' title='bbox 1118 1545 1127 1596; x_wconf 97' lang='lat' dir='ltr'>l</span> <span class='ocrx_word' id='word_1_212' title='bbox 1147 1541 1197 1596; x_wconf 92' lang='grc'>494</span> <span class='ocrx_word' id='word_1_213' title='bbox 1217 1545 1234 1596; x_wconf 91' lang='grc'>4.</span> <span class='ocrx_word' id='word_1_214' title='bbox 1250 1543 1275 1594; x_wconf 92' lang='grc'>4.</span> <span class='ocrx_word' id='word_1_215' title='bbox 1291 1545 1340 1596; x_wconf 87' lang='grc'>439</span> <span class='ocrx_word' id='word_1_216' title='bbox 1360 1545 1376 1596; x_wconf 91' lang='lat' dir='ltr'>f.</span> <span class='ocrx_word' id='word_1_217' title='bbox 1393 1545 1410 1596; x_wconf 90' lang='lat'><strong>3</strong></span> <span class='ocrx_word' id='word_1_218' title='bbox 1428 1573 1464 1584; x_wconf 92' lang='grc'>·-</span> <span class='ocrx_word' id='word_1_219' title='bbox 1481 1551 1642 1599; x_wconf 86' lang='grc' dir='ltr'>40040οῃ00</span> <span class='ocrx_word' id='word_1_220' title='bbox 1682 1557 1733 1596; x_wconf 88' lang='grc'>000</span> <span class='ocrx_word' id='word_1_221' title='bbox 1754 1557 1784 1598; x_wconf 92' lang='grc'>00</span> <span class='ocrx_word' id='word_1_222' title='bbox 1801 1543 1915 1598; x_wconf 84' lang='lat' dir='ltr'>extendit</span> <span class='ocrx_word' id='word_1_223' title='bbox 1931 1545 1968 1598; x_wconf 87' lang='grc'>04</span> <span class='ocrx_word' id='word_1_224' title='bbox 1979 1543 2049 1596; x_wconf 90' lang='lat' dir='ltr'>bona</span> <span class='ocrx_word' id='word_1_225' title='bbox 2061 1545 2205 1610; x_wconf 88' lang='lat' dir='ltr'>spiritualia</span> <span class='ocrx_word' id='word_1_226' title='bbox 2222 1545 2252 1596; x_wconf 93' lang='lat' dir='ltr'>lli</span> <span class='ocrx_word' id='word_1_227' title='bbox 2266 1545 2317 1596; x_wconf 93' lang='grc'>630</span> 
     </span>
     <span class='ocr_line' id='line_1_13' title="bbox 329 1631 2316 1700; baseline -0.001 -14"><span class='ocrx_word' id='word_1_228' title='bbox 329 1635 386 1690; x_wconf 90' lang='grc'>44404</span> <span class='ocrx_word' id='word_1_229' title='bbox 404 1635 728 1690; x_wconf 89' lang='lat' dir='ltr'>contrasolltumcursum</span> <span class='ocrx_word' id='word_1_230' title='bbox 746 1637 854 1686; x_wconf 89' lang='lat' dir='ltr'>naturae</span> <span class='ocrx_word' id='word_1_231' title='bbox 871 1637 897 1686; x_wconf 90' lang='lat' dir='ltr'>ei</span> <span class='ocrx_word' id='word_1_232' title='bbox 911 1645 969 1685; x_wconf 90' lang='lat' dir='ltr'>cen·</span> <span class='ocrx_word' id='word_1_233' title='bbox 1004 1639 1092 1698; x_wconf 89' lang='lat' dir='ltr'>potest</span> <span class='ocrx_word' id='word_1_234' title='bbox 1110 1645 1168 1686; x_wconf 86' lang='lat' dir='ltr'>esse</span> <span class='ocrx_word' id='word_1_235' title='bbox 1185 1633 1272 1684; x_wconf 91' lang='lat' dir='ltr'>minus</span> <span class='ocrx_word' id='word_1_236' title='bbox 1292 1647 1371 1700; x_wconf 87' lang='lat' dir='ltr'>quam</span> <span class='ocrx_word' id='word_1_237' title='bbox 1383 1633 1513 1688; x_wconf 88' lang='grc'>0400440</span> <span class='ocrx_word' id='word_1_238' title='bbox 1529 1635 1601 1688; x_wconf 83' lang='lat' dir='ltr'>fiee</span> <span class='ocrx_word' id='word_1_239' title='bbox 1614 1631 1644 1686; x_wconf 86' lang='grc'>4*</span> <span class='ocrx_word' id='word_1_240' title='bbox 1680 1645 1753 1700; x_wconf 87' lang='lat' dir='ltr'>asq.</span> <span class='ocrx_word' id='word_1_241' title='bbox 1773 1659 1807 1674; x_wconf 90' lang='lat'>-··</span> <span class='ocrx_word' id='word_1_242' title='bbox 1826 1635 1907 1684; x_wconf 87' lang='lat' dir='ltr'>Amor</span> <span class='ocrx_word' id='word_1_243' title='bbox 1924 1633 2025 1698; x_wconf 90' lang='lat' dir='ltr'>proprii</span> <span class='ocrx_word' id='word_1_244' title='bbox 2041 1631 2105 1684; x_wconf 92' lang='lat' dir='ltr'>boni</span> <span class='ocrx_word' id='word_1_245' title='bbox 2124 1645 2185 1684; x_wconf 92' lang='lat' dir='ltr'>cum</span> <span class='ocrx_word' id='word_1_246' title='bbox 2214 1631 2316 1686; x_wconf 87' lang='lat' dir='ltr'>defectu</span> 
     </span>
     <span class='ocr_line' id='line_1_14' title="bbox 329 1719 2317 1788; baseline -0.003 -12"><span class='ocrx_word' id='word_1_247' title='bbox 329 1725 474 1778; x_wconf 83' lang='lat' dir='ltr'>suetudinis</span> <span class='ocrx_word' id='word_1_248' title='bbox 505 1725 648 1782; x_wconf 78' lang='lat' dir='ltr'>humanae,</span> <span class='ocrx_word' id='word_1_249' title='bbox 678 1733 746 1786; x_wconf 90' lang='lat' dir='ltr'>quae</span> <span class='ocrx_word' id='word_1_250' title='bbox 773 1727 882 1784; x_wconf 90' lang='lat' dir='ltr'>possunt</span> <span class='ocrx_word' id='word_1_251' title='bbox 917 1719 968 1772; x_wconf 92' lang='lat' dir='ltr'>dici</span> <span class='ocrx_word' id='word_1_252' title='bbox 1004 1749 1041 1760; x_wconf 93' lang='lat'>—</span> <span class='ocrx_word' id='word_1_253' title='bbox 1058 1727 1099 1776; x_wconf 92' lang='lat' dir='ltr'>est</span> <span class='ocrx_word' id='word_1_254' title='bbox 1115 1721 1197 1786; x_wconf 89' lang='lat' dir='ltr'>actio,</span> <span class='ocrx_word' id='word_1_255' title='bbox 1220 1721 1265 1774; x_wconf 90' lang='lat' dir='ltr'>sed</span> <span class='ocrx_word' id='word_1_256' title='bbox 1286 1723 1349 1774; x_wconf 91' lang='lat' dir='ltr'>nihil</span> <span class='ocrx_word' id='word_1_257' title='bbox 1365 1723 1448 1776; x_wconf 90' lang='lat' dir='ltr'>influit</span> <span class='ocrx_word' id='word_1_258' title='bbox 1467 1725 1492 1776; x_wconf 92' lang='lat' dir='ltr'>in</span> <span class='ocrx_word' id='word_1_259' title='bbox 1511 1731 1641 1788; x_wconf 88' lang='lat' dir='ltr'>amatum,</span> <span class='ocrx_word' id='word_1_260' title='bbox 1679 1723 1792 1776; x_wconf 86' lang='lat' dir='ltr'>caritatis</span> <span class='ocrx_word' id='word_1_261' title='bbox 1809 1725 1917 1788; x_wconf 89' lang='lat' dir='ltr'>generat</span> <span class='ocrx_word' id='word_1_262' title='bbox 1934 1719 2061 1772; x_wconf 91' lang='lat' dir='ltr'>invidiam</span> <span class='ocrx_word' id='word_1_263' title='bbox 2081 1719 2196 1772; x_wconf 85' lang='grc'>474039</span> <span class='ocrx_word' id='word_1_264' title='bbox 2217 1719 2232 1770; x_wconf 88' lang='grc'>4.</span> <span class='ocrx_word' id='word_1_265' title='bbox 2253 1719 2317 1772; x_wconf 80' lang='lat'>4-</span> 
     </span>
     <span class='ocr_line' id='line_1_15' title="bbox 329 1807 2316 1876; baseline -0.004 -10"><span class='ocrx_word' id='word_1_266' title='bbox 329 1827 397 1868; x_wconf 90' lang='lat' dir='ltr'>nove</span> <span class='ocrx_word' id='word_1_267' title='bbox 417 1815 437 1864; x_wconf 97' lang='lat' dir='ltr'>ll</span> <span class='ocrx_word' id='word_1_268' title='bbox 454 1811 506 1864; x_wconf 88' lang='grc'>390</span> <span class='ocrx_word' id='word_1_269' title='bbox 525 1809 585 1862; x_wconf 92' lang='grc'>(4.4</span> <span class='ocrx_word' id='word_1_270' title='bbox 608 1835 643 1848; x_wconf 93' lang='grc'>-</span> <span class='ocrx_word' id='word_1_271' title='bbox 668 1809 736 1860; x_wconf 88' lang='lat' dir='ltr'>Deus</span> <span class='ocrx_word' id='word_1_272' title='bbox 752 1809 813 1860; x_wconf 86' lang='lat' dir='ltr'>lacit</span> <span class='ocrx_word' id='word_1_273' title='bbox 836 1809 967 1876; x_wconf 85' lang='lat' dir='ltr'>quaedam</span> <span class='ocrx_word' id='word_1_274' title='bbox 1004 1809 1187 1862; x_wconf 89' lang='lat' dir='ltr'>necdilectum</span> <span class='ocrx_word' id='word_1_275' title='bbox 1206 1809 1305 1876; x_wconf 88' lang='lat' dir='ltr'>aliquid</span> <span class='ocrx_word' id='word_1_276' title='bbox 1324 1813 1421 1876; x_wconf 90' lang='lat' dir='ltr'>patitur</span> <span class='ocrx_word' id='word_1_277' title='bbox 1437 1813 1480 1864; x_wconf 92' lang='lat' dir='ltr'>vel</span> <span class='ocrx_word' id='word_1_278' title='bbox 1499 1811 1591 1876; x_wconf 89' lang='lat' dir='ltr'>recipit</span> <span class='ocrx_word' id='word_1_279' title='bbox 1609 1807 1642 1862; x_wconf 90' lang='lat' dir='ltr'>ab</span> <span class='ocrx_word' id='word_1_280' title='bbox 1680 1809 1831 1862; x_wconf 89' lang='lat' dir='ltr'>deordinata</span> <span class='ocrx_word' id='word_1_281' title='bbox 1850 1809 1912 1864; x_wconf 91' lang='lat' dir='ltr'>boni</span> <span class='ocrx_word' id='word_1_282' title='bbox 1930 1809 2010 1860; x_wconf 89' lang='lat' dir='ltr'>creati</span> <span class='ocrx_word' id='word_1_283' title='bbox 2029 1809 2189 1860; x_wconf 88' lang='lat' dir='ltr'>eslincmui</span> <span class='ocrx_word' id='word_1_284' title='bbox 2209 1813 2316 1872; x_wconf 91' lang='lat' dir='ltr'>peccato</span> 
     </span>
     <span class='ocr_line' id='line_1_16' title="bbox 329 1895 2053 1962; baseline -0.001 -10"><span class='ocrx_word' id='word_1_285' title='bbox 329 1915 396 1954; x_wconf 92' lang='lat' dir='ltr'>nova</span> <span class='ocrx_word' id='word_1_286' title='bbox 416 1903 505 1950; x_wconf 90' lang='lat' dir='ltr'>contra</span> <span class='ocrx_word' id='word_1_287' title='bbox 527 1897 638 1958; x_wconf 48' lang='lat' dir='ltr'>solitum,</span> <span class='ocrx_word' id='word_1_288' title='bbox 651 1909 757 1950; x_wconf 90' lang='lat' dir='ltr'>cursum</span> <span class='ocrx_word' id='word_1_289' title='bbox 777 1899 899 1962; x_wconf 90' lang='lat' dir='ltr'>naturae,</span> <span class='ocrx_word' id='word_1_290' title='bbox 926 1895 967 1948; x_wconf 91' lang='lat' dir='ltr'>vel</span> <span class='ocrx_word' id='word_1_291' title='bbox 1004 1906 1109 1953; x_wconf 90' lang='lat' dir='ltr'>amante</span> <span class='ocrx_word' id='word_1_292' title='bbox 1126 1899 1156 1950; x_wconf 97' lang='lat' dir='ltr'>lll</span> <span class='ocrx_word' id='word_1_293' title='bbox 1175 1897 1263 1950; x_wconf 88' lang='grc'>30544</span> <span class='ocrx_word' id='word_1_294' title='bbox 1679 1899 1708 1950; x_wconf 93' lang='grc'>444</span> <span class='ocrx_word' id='word_1_295' title='bbox 1728 1899 1775 1950; x_wconf 95' lang='grc'>004</span> <span class='ocrx_word' id='word_1_296' title='bbox 1799 1911 1812 1950; x_wconf 89' lang='grc'>0</span> <span class='ocrx_word' id='word_1_297' title='bbox 1838 1895 1899 1952; x_wconf 88' lang='grc'>7440</span> <span class='ocrx_word' id='word_1_298' title='bbox 1921 1897 1950 1950; x_wconf 88' lang='lat' dir='ltr'>V.</span> <span class='ocrx_word' id='word_1_299' title='bbox 1969 1899 2053 1952; x_wconf 87' lang='grc'>44004</span> 
     </span>
     <span class='ocr_line' id='line_1_17' title="bbox 329 1977 2316 2054; baseline -0.003 -14"><span class='ocrx_word' id='word_1_300' title='bbox 329 2000 459 2054; x_wconf 90' lang='lat' dir='ltr'>quaenou</span> <span class='ocrx_word' id='word_1_301' title='bbox 481 1983 644 2050; x_wconf 89' lang='lat' dir='ltr'>spectaniad</span> <span class='ocrx_word' id='word_1_302' title='bbox 664 1985 779 2036; x_wconf 92' lang='lat' dir='ltr'>universi</span> <span class='ocrx_word' id='word_1_303' title='bbox 794 1984 969 2052; x_wconf 91' lang='lat' dir='ltr'>complemen·</span> <span class='ocrx_word' id='word_1_304' title='bbox 1056 1985 1210 2052; x_wconf 81' lang='lat' dir='ltr'>-Aliquid</span> <span class='ocrx_word' id='word_1_305' title='bbox 1235 1985 1350 2052; x_wconf 84' lang='lat' dir='ltr'>diligitur</span> <span class='ocrx_word' id='word_1_306' title='bbox 1368 2001 1420 2040; x_wconf 89' lang='lat' dir='ltr'>non</span> <span class='ocrx_word' id='word_1_307' title='bbox 1438 1987 1524 2040; x_wconf 89' lang='lat' dir='ltr'>solum</span> <span class='ocrx_word' id='word_1_308' title='bbox 1544 1989 1642 2040; x_wconf 90' lang='lat' dir='ltr'>ratione</span> <span class='ocrx_word' id='word_1_309' title='bbox 1733 2013 1767 2022; x_wconf 99' lang='lat'><em>-</em></span> <span class='ocrx_word' id='word_1_310' title='bbox 1786 1977 1897 2052; x_wconf 87' lang='lat' dir='ltr'>Diligere</span> <span class='ocrx_word' id='word_1_311' title='bbox 1915 1987 2064 2050; x_wconf 82' lang='grc'>0404440040</span> <span class='ocrx_word' id='word_1_312' title='bbox 2093 1985 2159 2038; x_wconf 92' lang='lat' dir='ltr'>sieut</span> <span class='ocrx_word' id='word_1_313' title='bbox 2176 1997 2206 2036; x_wconf 91' lang='grc'>00</span> <span class='ocrx_word' id='word_1_314' title='bbox 2228 1985 2316 2048; x_wconf 84' lang='grc'>400004</span> 
     </span>
     <span class='ocr_line' id='line_1_18' title="bbox 329 2071 2316 2142; baseline -0.003 -12"><span class='ocrx_word' id='word_1_315' title='bbox 329 2085 385 2130; x_wconf 92' lang='lat' dir='ltr'>tum</span> <span class='ocrx_word' id='word_1_316' title='bbox 403 2073 466 2128; x_wconf 87' lang='lat' dir='ltr'>ibid.</span> <span class='ocrx_word' id='word_1_317' title='bbox 486 2073 537 2124; x_wconf 87' lang='grc'>437</span> <span class='ocrx_word' id='word_1_318' title='bbox 557 2071 593 2126; x_wconf 92' lang='grc'>5*.</span> <span class='ocrx_word' id='word_1_319' title='bbox 613 2073 640 2126; x_wconf 91' lang='grc'>444</span> <span class='ocrx_word' id='word_1_320' title='bbox 662 2075 693 2124; x_wconf 93' lang='grc'>39</span> <span class='ocrx_word' id='word_1_321' title='bbox 715 2071 744 2124; x_wconf 86' lang='grc'>4*</span> <span class='ocrx_word' id='word_1_322' title='bbox 764 2071 828 2126; x_wconf 84' lang='lat' dir='ltr'>Vide</span> <span class='ocrx_word' id='word_1_323' title='bbox 846 2073 874 2126; x_wconf 90' lang='lat' dir='ltr'>V.</span> <span class='ocrx_word' id='word_1_324' title='bbox 887 2073 969 2128; x_wconf 82' lang='lat' dir='ltr'>Creu·</span> <span class='ocrx_word' id='word_1_325' title='bbox 1004 2073 1176 2142; x_wconf 82' lang='lat' dir='ltr'>indigentiae,</span> <span class='ocrx_word' id='word_1_326' title='bbox 1187 2073 1236 2126; x_wconf 91' lang='lat' dir='ltr'>sed</span> <span class='ocrx_word' id='word_1_327' title='bbox 1248 2075 1325 2126; x_wconf 89' lang='grc'>044040</span> <span class='ocrx_word' id='word_1_328' title='bbox 1335 2077 1434 2128; x_wconf 87' lang='grc'>40440440</span> <span class='ocrx_word' id='word_1_329' title='bbox 1446 2075 1643 2128; x_wconf 87' lang='lat' dir='ltr'>convenientiae</span> <span class='ocrx_word' id='word_1_330' title='bbox 1679 2078 1719 2126; x_wconf 92' lang='lat' dir='ltr'>est</span> <span class='ocrx_word' id='word_1_331' title='bbox 1735 2073 1808 2126; x_wconf 91' lang='lat' dir='ltr'>facile</span> <span class='ocrx_word' id='word_1_332' title='bbox 1826 2075 1936 2140; x_wconf 90' lang='lat' dir='ltr'>amanti,</span> <span class='ocrx_word' id='word_1_333' title='bbox 1951 2073 2024 2124; x_wconf 91' lang='lat' dir='ltr'>aliter</span> <span class='ocrx_word' id='word_1_334' title='bbox 2041 2079 2126 2128; x_wconf 89' lang='lat' dir='ltr'>autem</span> <span class='ocrx_word' id='word_1_335' title='bbox 2147 2087 2226 2138; x_wconf 86' lang='lat' dir='ltr'>saepe</span> <span class='ocrx_word' id='word_1_336' title='bbox 2237 2071 2316 2124; x_wconf 90' lang='lat' dir='ltr'>valde</span> 
     </span>
     <span class='ocr_line' id='line_1_19' title="bbox 329 2151 2316 2232; baseline -0.004 -12"><span class='ocrx_word' id='word_1_337' title='bbox 329 2163 366 2220; x_wconf 87' lang='grc'>440</span> <span class='ocrx_word' id='word_1_338' title='bbox 386 2157 439 2228; x_wconf 87' lang='lat'>(80</span> <span class='ocrx_word' id='word_1_339' title='bbox 456 2163 503 2228; x_wconf 84' lang='lat' dir='ltr'>a),</span> <span class='ocrx_word' id='word_1_340' title='bbox 523 2163 570 2214; x_wconf 90' lang='lat' dir='ltr'>ubi</span> <span class='ocrx_word' id='word_1_341' title='bbox 595 2161 628 2214; x_wconf 92' lang='lat' dir='ltr'>de</span> <span class='ocrx_word' id='word_1_342' title='bbox 653 2161 780 2226; x_wconf 87' lang='lat' dir='ltr'>operibus</span> <span class='ocrx_word' id='word_1_343' title='bbox 803 2151 966 2228; x_wconf 84' lang='lat' dir='ltr'>singulorum</span> <span class='ocrx_word' id='word_1_344' title='bbox 1004 2169 1030 2218; x_wconf 92' lang='grc'>04</span> <span class='ocrx_word' id='word_1_345' title='bbox 1049 2163 1251 2228; x_wconf 88' lang='grc'>00400400004400</span> <span class='ocrx_word' id='word_1_346' title='bbox 1269 2163 1289 2214; x_wconf 93' lang='grc'>44</span> <span class='ocrx_word' id='word_1_347' title='bbox 1304 2161 1643 2230; x_wconf 80' lang='grc' dir='ltr'>4904*-Α4044440400-</span> <span class='ocrx_word' id='word_1_348' title='bbox 1679 2163 1785 2214; x_wconf 85' lang='lat' dir='ltr'>difficile</span> <span class='ocrx_word' id='word_1_349' title='bbox 1801 2163 1831 2214; x_wconf 95' lang='lat' dir='ltr'>lll</span> <span class='ocrx_word' id='word_1_350' title='bbox 1846 2163 1896 2232; x_wconf 51' lang='grc'>,894</span> <span class='ocrx_word' id='word_1_351' title='bbox 1920 2157 1949 2214; x_wconf 91' lang='grc'>9*</span> <span class='ocrx_word' id='word_1_352' title='bbox 1967 2187 2002 2200; x_wconf 95' lang='grc'>-</span> <span class='ocrx_word' id='word_1_353' title='bbox 2022 2163 2132 2226; x_wconf 84' lang='lat' dir='ltr'>proximi</span> <span class='ocrx_word' id='word_1_354' title='bbox 2151 2161 2253 2214; x_wconf 93' lang='lat' dir='ltr'>ordinat</span> <span class='ocrx_word' id='word_1_355' title='bbox 2272 2175 2316 2214; x_wconf 90' lang='lat' dir='ltr'>vo-</span> 
     </span>
     <span class='ocr_line' id='line_1_20' title="bbox 330 2249 2315 2324; baseline -0.002 -20"><span class='ocrx_word' id='word_1_356' title='bbox 330 2253 434 2324; x_wconf 88' lang='lat' dir='ltr'>dierum</span> <span class='ocrx_word' id='word_1_357' title='bbox 460 2277 497 2290; x_wconf 90' lang='lat'>—</span> <span class='ocrx_word' id='word_1_358' title='bbox 521 2249 594 2316; x_wconf 91' lang='lat' dir='ltr'>Opus</span> <span class='ocrx_word' id='word_1_359' title='bbox 623 2249 732 2304; x_wconf 91' lang='lat' dir='ltr'>secundi</span> <span class='ocrx_word' id='word_1_360' title='bbox 755 2261 968 2306; x_wconf 90' lang='lat' dir='ltr'>consummatum</span> <span class='ocrx_word' id='word_1_361' title='bbox 1004 2265 1035 2304; x_wconf 90' lang='lat' dir='ltr'>re</span> <span class='ocrx_word' id='word_1_362' title='bbox 1053 2253 1179 2306; x_wconf 89' lang='lat' dir='ltr'>amicitiae</span> <span class='ocrx_word' id='word_1_363' title='bbox 1205 2251 1248 2304; x_wconf 92' lang='lat' dir='ltr'>vel</span> <span class='ocrx_word' id='word_1_364' title='bbox 1276 2253 1500 2316; x_wconf 89' lang='lat' dir='ltr'>concupiscentiae</span> <span class='ocrx_word' id='word_1_365' title='bbox 1529 2253 1644 2316; x_wconf 83' lang='lat' dir='ltr'>diligitur</span> <span class='ocrx_word' id='word_1_366' title='bbox 1681 2251 1804 2304; x_wconf 90' lang='lat' dir='ltr'>luntaiem</span> <span class='ocrx_word' id='word_1_367' title='bbox 1823 2253 1896 2304; x_wconf 91' lang='lat' dir='ltr'>inse</span> <span class='ocrx_word' id='word_1_368' title='bbox 1915 2259 1939 2302; x_wconf 91' lang='lat' dir='ltr'>et</span> <span class='ocrx_word' id='word_1_369' title='bbox 1964 2249 2078 2314; x_wconf 91' lang='lat' dir='ltr'>disponit</span> <span class='ocrx_word' id='word_1_370' title='bbox 2096 2249 2128 2302; x_wconf 90' lang='lat' dir='ltr'>ad</span> <span class='ocrx_word' id='word_1_371' title='bbox 2147 2251 2216 2302; x_wconf 93' lang='lat' dir='ltr'>bona</span> <span class='ocrx_word' id='word_1_372' title='bbox 2234 2263 2315 2314; x_wconf 89' lang='lat' dir='ltr'>opera</span> 
     </span>
     <span class='ocr_line' id='line_1_21' title="bbox 330 2337 2317 2406; baseline -0.003 -12"><span class='ocrx_word' id='word_1_373' title='bbox 330 2349 372 2396; x_wconf 93' lang='grc'>004</span> <span class='ocrx_word' id='word_1_374' title='bbox 387 2337 432 2392; x_wconf 89' lang='grc'>440</span> <span class='ocrx_word' id='word_1_375' title='bbox 449 2341 523 2394; x_wconf 88' lang='grc'>404440</span> <span class='ocrx_word' id='word_1_376' title='bbox 543 2339 563 2390; x_wconf 93' lang='grc'>44</span> <span class='ocrx_word' id='word_1_377' title='bbox 581 2339 633 2392; x_wconf 89' lang='grc'>350</span> <span class='ocrx_word' id='word_1_378' title='bbox 653 2337 714 2392; x_wconf 90' lang='grc'>(4.3</span> <span class='ocrx_word' id='word_1_379' title='bbox 1006 2345 1114 2406; x_wconf 88' lang='grc'>0400404</span> <span class='ocrx_word' id='word_1_380' title='bbox 1131 2355 1173 2404; x_wconf 90' lang='grc'>00,</span> <span class='ocrx_word' id='word_1_381' title='bbox 1192 2339 1235 2392; x_wconf 86' lang='grc'>404</span> <span class='ocrx_word' id='word_1_382' title='bbox 1253 2345 1362 2406; x_wconf 85' lang='grc'>0400404</span> <span class='ocrx_word' id='word_1_383' title='bbox 1379 2341 1449 2394; x_wconf 88' lang='lat' dir='ltr'>aliud</span> <span class='ocrx_word' id='word_1_384' title='bbox 1469 2341 1557 2394; x_wconf 90' lang='grc'>44495</span> <span class='ocrx_word' id='word_1_385' title='bbox 1576 2341 1643 2394; x_wconf 88' lang='lat' dir='ltr'>b-</span> <span class='ocrx_word' id='word_1_386' title='bbox 1679 2341 1714 2394; x_wconf 90' lang='lat' dir='ltr'>lV</span> <span class='ocrx_word' id='word_1_387' title='bbox 1733 2339 1785 2390; x_wconf 89' lang='grc'>559</span> <span class='ocrx_word' id='word_1_388' title='bbox 1803 2339 1831 2392; x_wconf 87' lang='grc'>0.</span> <span class='ocrx_word' id='word_1_389' title='bbox 1850 2341 1865 2392; x_wconf 91' lang='grc'>3</span> <span class='ocrx_word' id='word_1_390' title='bbox 1882 2367 1918 2376; x_wconf 99' lang='grc'>-</span> <span class='ocrx_word' id='word_1_391' title='bbox 1941 2339 2054 2402; x_wconf 85' lang='grc'>04044404</span> <span class='ocrx_word' id='word_1_392' title='bbox 2078 2339 2191 2390; x_wconf 84' lang='lat' dir='ltr'>maxime</span> <span class='ocrx_word' id='word_1_393' title='bbox 2210 2337 2317 2390; x_wconf 89' lang='lat' dir='ltr'>adiuvat</span> 
     </span>
    </p>

    <p class='ocr_par' dir='ltr' id='par_1_3' title="bbox 324 2423 2317 3828">
     <span class='ocr_line' id='line_1_22' title="bbox 381 2423 2198 2496; baseline -0.001 -16"><span class='ocrx_word' id='word_1_394' title='bbox 381 2455 417 2468; x_wconf 89' lang='lat'><em>-</em></span> <span class='ocrx_word' id='word_1_395' title='bbox 430 2427 522 2480; x_wconf 90' lang='lat' dir='ltr'>dieitur</span> <span class='ocrx_word' id='word_1_396' title='bbox 535 2433 639 2480; x_wconf 90' lang='lat' dir='ltr'>sanctus</span> <span class='ocrx_word' id='word_1_397' title='bbox 658 2427 780 2480; x_wconf 87' lang='grc'>04400400</span> <span class='ocrx_word' id='word_1_398' title='bbox 799 2441 850 2480; x_wconf 89' lang='lat' dir='ltr'>nen</span> <span class='ocrx_word' id='word_1_399' title='bbox 870 2431 969 2482; x_wconf 89' lang='lat' dir='ltr'>ratione</span> <span class='ocrx_word' id='word_1_400' title='bbox 1006 2431 1144 2484; x_wconf 86' lang='lat' dir='ltr'>Dilectione</span> <span class='ocrx_word' id='word_1_401' title='bbox 1158 2429 1286 2482; x_wconf 81' lang='lat' dir='ltr'>fruitionis</span> <span class='ocrx_word' id='word_1_402' title='bbox 1298 2427 1413 2496; x_wconf 87' lang='lat' dir='ltr'>diligitur</span> <span class='ocrx_word' id='word_1_403' title='bbox 1426 2429 1523 2496; x_wconf 89' lang='lat' dir='ltr'>aliquid</span> <span class='ocrx_word' id='word_1_404' title='bbox 1537 2435 1643 2496; x_wconf 87' lang='lat' dir='ltr'>propter</span> <span class='ocrx_word' id='word_1_405' title='bbox 1680 2427 1715 2480; x_wconf 92' lang='lat' dir='ltr'>ad</span> <span class='ocrx_word' id='word_1_406' title='bbox 1733 2427 1890 2480; x_wconf 87' lang='lat' dir='ltr'>servandam</span> <span class='ocrx_word' id='word_1_407' title='bbox 1910 2427 2032 2480; x_wconf 85' lang='lat' dir='ltr'>iustitiam</span> <span class='ocrx_word' id='word_1_408' title='bbox 2050 2427 2079 2478; x_wconf 93' lang='lat' dir='ltr'>ill</span> <span class='ocrx_word' id='word_1_409' title='bbox 2097 2427 2145 2478; x_wconf 89' lang='grc'>794</span> <span class='ocrx_word' id='word_1_410' title='bbox 2168 2423 2198 2478; x_wconf 89' lang='grc'>3*</span> 
     </span>
     <span class='ocr_line' id='line_1_23' title="bbox 329 2513 2315 2584; baseline -0.003 -14"><span class='ocrx_word' id='word_1_411' title='bbox 329 2519 383 2584; x_wconf 92' lang='lat' dir='ltr'>sul,</span> <span class='ocrx_word' id='word_1_412' title='bbox 413 2515 457 2568; x_wconf 89' lang='lat' dir='ltr'>sed</span> <span class='ocrx_word' id='word_1_413' title='bbox 488 2517 585 2568; x_wconf 90' lang='lat' dir='ltr'>ratione</span> <span class='ocrx_word' id='word_1_414' title='bbox 615 2517 761 2582; x_wconf 89' lang='lat' dir='ltr'>actionum,</span> <span class='ocrx_word' id='word_1_415' title='bbox 791 2529 905 2584; x_wconf 88' lang='lat' dir='ltr'>quarum</span> <span class='ocrx_word' id='word_1_416' title='bbox 931 2523 969 2570; x_wconf 93' lang='lat' dir='ltr'>est</span> <span class='ocrx_word' id='word_1_417' title='bbox 1005 2533 1034 2570; x_wconf 91' lang='lat' dir='ltr'>se</span> <span class='ocrx_word' id='word_1_418' title='bbox 1052 2525 1077 2570; x_wconf 89' lang='grc'>04</span> <span class='ocrx_word' id='word_1_419' title='bbox 1100 2529 1180 2582; x_wconf 87' lang='grc'>00004</span> <span class='ocrx_word' id='word_1_420' title='bbox 1203 2517 1305 2580; x_wconf 92' lang='grc'>040040,</span> <span class='ocrx_word' id='word_1_421' title='bbox 1330 2517 1467 2570; x_wconf 88' lang='lat' dir='ltr'>dilectione</span> <span class='ocrx_word' id='word_1_422' title='bbox 1492 2531 1554 2572; x_wconf 85' lang='lat' dir='ltr'>usus</span> <span class='ocrx_word' id='word_1_423' title='bbox 1577 2533 1642 2572; x_wconf 92' lang='lat' dir='ltr'>vero</span> <span class='ocrx_word' id='word_1_424' title='bbox 1733 2543 1768 2556; x_wconf 92' lang='lat'>-</span> <span class='ocrx_word' id='word_1_425' title='bbox 1796 2515 1918 2568; x_wconf 88' lang='lat' dir='ltr'>naturalis</span> <span class='ocrx_word' id='word_1_426' title='bbox 1943 2517 2049 2580; x_wconf 89' lang='lat' dir='ltr'>respicit</span> <span class='ocrx_word' id='word_1_427' title='bbox 2074 2513 2270 2568; x_wconf 89' lang='lat' dir='ltr'>similitudinem</span> <span class='ocrx_word' id='word_1_428' title='bbox 2295 2515 2315 2566; x_wconf 95' lang='lat' dir='ltr'>ll</span> 
     </span>
     <span class='ocr_line' id='line_1_24' title="bbox 329 2587 2315 2672; baseline -0.002 -14"><span class='ocrx_word' id='word_1_429' title='bbox 329 2619 450 2660; x_wconf 90' lang='lat' dir='ltr'>mensura</span> <span class='ocrx_word' id='word_1_430' title='bbox 469 2605 489 2656; x_wconf 93' lang='lat' dir='ltr'>ll</span> <span class='ocrx_word' id='word_1_431' title='bbox 512 2603 564 2656; x_wconf 85' lang='grc'>330</span> <span class='ocrx_word' id='word_1_432' title='bbox 581 2603 642 2658; x_wconf 84' lang='grc'>(4.5</span> <span class='ocrx_word' id='word_1_433' title='bbox 667 2633 701 2642; x_wconf 94' lang='grc'>-</span> <span class='ocrx_word' id='word_1_434' title='bbox 723 2607 851 2670; x_wconf 90' lang='lat' dir='ltr'>septimus</span> <span class='ocrx_word' id='word_1_435' title='bbox 874 2605 969 2659; x_wconf 83' lang='lat' dir='ltr'>dicitur</span> <span class='ocrx_word' id='word_1_436' title='bbox 1005 2613 1114 2672; x_wconf 89' lang='lat' dir='ltr'>propter</span> <span class='ocrx_word' id='word_1_437' title='bbox 1130 2607 1200 2658; x_wconf 90' lang='lat' dir='ltr'>alind</span> <span class='ocrx_word' id='word_1_438' title='bbox 1221 2609 1230 2658; x_wconf 97' lang='lat' dir='ltr'>l</span> <span class='ocrx_word' id='word_1_439' title='bbox 1249 2605 1283 2658; x_wconf 91' lang='grc'>44</span> <span class='ocrx_word' id='word_1_440' title='bbox 1303 2587 1332 2658; x_wconf 68' lang='lat' dir='ltr'>d.</span> <span class='ocrx_word' id='word_1_441' title='bbox 1349 2607 1390 2658; x_wconf 93' lang='grc'>49.</span> <span class='ocrx_word' id='word_1_442' title='bbox 1415 2607 1440 2658; x_wconf 95' lang='lat' dir='ltr'>lll</span> <span class='ocrx_word' id='word_1_443' title='bbox 1466 2607 1642 2660; x_wconf 86' lang='grc'>0490-00-</span> <span class='ocrx_word' id='word_1_444' title='bbox 1681 2603 1732 2658; x_wconf 87' lang='grc'>497</span> <span class='ocrx_word' id='word_1_445' title='bbox 1750 2619 1806 2670; x_wconf 88' lang='lat' dir='ltr'>arg.</span> <span class='ocrx_word' id='word_1_446' title='bbox 1837 2603 1861 2658; x_wconf 88' lang='grc'>4.</span> <span class='ocrx_word' id='word_1_447' title='bbox 1878 2603 1908 2656; x_wconf 92' lang='grc'>444</span> <span class='ocrx_word' id='word_1_448' title='bbox 1925 2601 1978 2656; x_wconf 90' lang='grc'>034</span> <span class='ocrx_word' id='word_1_449' title='bbox 2006 2603 2065 2656; x_wconf 87' lang='grc'>(4.9</span> <span class='ocrx_word' id='word_1_450' title='bbox 2086 2631 2120 2640; x_wconf 99' lang='grc'>-</span> <span class='ocrx_word' id='word_1_451' title='bbox 2138 2591 2262 2654; x_wconf 87' lang='grc'>0044440440</span> <span class='ocrx_word' id='word_1_452' title='bbox 2280 2603 2315 2654; x_wconf 92' lang='grc'>40·</span> 
     </span>
     <span class='ocr_line' id='line_1_25' title="bbox 329 2691 2317 2762; baseline -0.003 -14"><span class='ocrx_word' id='word_1_453' title='bbox 329 2691 482 2748; x_wconf 90' lang='lat' dir='ltr'>benedictus</span> <span class='ocrx_word' id='word_1_454' title='bbox 500 2697 524 2746; x_wconf 93' lang='lat' dir='ltr'>et</span> <span class='ocrx_word' id='word_1_455' title='bbox 545 2693 719 2758; x_wconf 80' lang='lat' dir='ltr'>sanctificatus</span> <span class='ocrx_word' id='word_1_456' title='bbox 739 2695 836 2748; x_wconf 89' lang='lat' dir='ltr'>ratione</span> <span class='ocrx_word' id='word_1_457' title='bbox 862 2693 969 2748; x_wconf 89' lang='lat' dir='ltr'>benedi·</span> <span class='ocrx_word' id='word_1_458' title='bbox 1005 2695 1122 2748; x_wconf 90' lang='lat' dir='ltr'>cundum</span> <span class='ocrx_word' id='word_1_459' title='bbox 1134 2693 1206 2761; x_wconf 85' lang='lat' dir='ltr'>quod</span> <span class='ocrx_word' id='word_1_460' title='bbox 1217 2703 1255 2748; x_wconf 92' lang='grc'>004</span> <span class='ocrx_word' id='word_1_461' title='bbox 1268 2699 1341 2748; x_wconf 88' lang='grc'>00400</span> <span class='ocrx_word' id='word_1_462' title='bbox 1352 2697 1590 2762; x_wconf 89' lang='grc'>000040400004400,</span> <span class='ocrx_word' id='word_1_463' title='bbox 1604 2703 1642 2748; x_wconf 88' lang='grc'>004</span> <span class='ocrx_word' id='word_1_464' title='bbox 1681 2693 1794 2748; x_wconf 90' lang='lat' dir='ltr'>tenditur</span> <span class='ocrx_word' id='word_1_465' title='bbox 1812 2707 1861 2760; x_wconf 90' lang='lat' dir='ltr'>per</span> <span class='ocrx_word' id='word_1_466' title='bbox 1889 2693 2090 2744; x_wconf 81' lang='lat' dir='ltr'>familiaritatem</span> <span class='ocrx_word' id='word_1_467' title='bbox 2116 2697 2143 2742; x_wconf 91' lang='lat' dir='ltr'>et</span> <span class='ocrx_word' id='word_1_468' title='bbox 2169 2691 2317 2742; x_wconf 87' lang='lat' dir='ltr'>domestici-</span> 
     </span>
     <span class='ocr_line' id='line_1_26' title="bbox 328 2779 2316 2852; baseline -0.002 -14"><span class='ocrx_word' id='word_1_469' title='bbox 328 2783 420 2838; x_wconf 91' lang='lat' dir='ltr'>ctionis</span> <span class='ocrx_word' id='word_1_470' title='bbox 432 2785 456 2836; x_wconf 91' lang='lat' dir='ltr'>et</span> <span class='ocrx_word' id='word_1_471' title='bbox 468 2783 623 2850; x_wconf 86' lang='lat' dir='ltr'>sanctitatis,</span> <span class='ocrx_word' id='word_1_472' title='bbox 635 2795 722 2848; x_wconf 88' lang='lat' dir='ltr'>quam</span> <span class='ocrx_word' id='word_1_473' title='bbox 736 2787 816 2836; x_wconf 93' lang='lat' dir='ltr'>homo</span> <span class='ocrx_word' id='word_1_474' title='bbox 831 2787 968 2850; x_wconf 86' lang='lat' dir='ltr'>acquirere</span> <span class='ocrx_word' id='word_1_475' title='bbox 1004 2785 1113 2852; x_wconf 89' lang='lat' dir='ltr'>aliquod</span> <span class='ocrx_word' id='word_1_476' title='bbox 1131 2783 1232 2836; x_wconf 91' lang='lat' dir='ltr'>bonum</span> <span class='ocrx_word' id='word_1_477' title='bbox 1245 2783 1393 2836; x_wconf 87' lang='lat' dir='ltr'>desiderare</span> <span class='ocrx_word' id='word_1_478' title='bbox 1409 2785 1451 2836; x_wconf 90' lang='lat' dir='ltr'>vel</span> <span class='ocrx_word' id='word_1_479' title='bbox 1464 2791 1602 2850; x_wconf 88' lang='lat' dir='ltr'>acceptare</span> <span class='ocrx_word' id='word_1_480' title='bbox 1613 2786 1641 2838; x_wconf 92' lang='grc'>444</span> <span class='ocrx_word' id='word_1_481' title='bbox 1681 2787 1759 2836; x_wconf 85' lang='lat' dir='ltr'>tatem</span> <span class='ocrx_word' id='word_1_482' title='bbox 1779 2785 1800 2836; x_wconf 96' lang='lat' dir='ltr'>ll</span> <span class='ocrx_word' id='word_1_483' title='bbox 1818 2781 1870 2836; x_wconf 87' lang='grc'>497</span> <span class='ocrx_word' id='word_1_484' title='bbox 1883 2795 1938 2846; x_wconf 88' lang='grc'>040.</span> <span class='ocrx_word' id='word_1_485' title='bbox 1958 2781 1975 2834; x_wconf 90' lang='grc'>5</span> <span class='ocrx_word' id='word_1_486' title='bbox 1991 2807 2028 2820; x_wconf 88' lang='lat'><em>-</em></span> <span class='ocrx_word' id='word_1_487' title='bbox 2042 2781 2155 2832; x_wconf 77' lang='lat' dir='ltr'>Affectus</span> <span class='ocrx_word' id='word_1_488' title='bbox 2168 2779 2316 2832; x_wconf 79' lang='lat' dir='ltr'>naturaliter</span> 
     </span>
     <span class='ocr_line' id='line_1_27' title="bbox 328 2869 2314 2940; baseline -0.004 -14"><span class='ocrx_word' id='word_1_489' title='bbox 328 2873 405 2928; x_wconf 89' lang='lat' dir='ltr'>debet</span> <span class='ocrx_word' id='word_1_490' title='bbox 424 2871 583 2924; x_wconf 89' lang='lat' dir='ltr'>inhaerendo</span> <span class='ocrx_word' id='word_1_491' title='bbox 603 2871 656 2924; x_wconf 92' lang='grc'>900</span> <span class='ocrx_word' id='word_1_492' title='bbox 676 2869 785 2926; x_wconf 79' lang='grc'>4044-</span> <span class='ocrx_word' id='word_1_493' title='bbox 806 2873 855 2926; x_wconf 81' lang='lat' dir='ltr'>Sex</span> <span class='ocrx_word' id='word_1_494' title='bbox 875 2871 967 2928; x_wconf 89' lang='lat' dir='ltr'>diebus</span> <span class='ocrx_word' id='word_1_495' title='bbox 1004 2875 1053 2928; x_wconf 89' lang='grc'>634</span> <span class='ocrx_word' id='word_1_496' title='bbox 1076 2873 1107 2928; x_wconf 89' lang='grc'>9*</span> <span class='ocrx_word' id='word_1_497' title='bbox 1126 2901 1163 2912; x_wconf 91' lang='grc'>-</span> <span class='ocrx_word' id='word_1_498' title='bbox 1183 2873 1296 2940; x_wconf 87' lang='grc'>94440040</span> <span class='ocrx_word' id='word_1_499' title='bbox 1313 2875 1428 2940; x_wconf 87' lang='lat' dir='ltr'>aliquem</span> <span class='ocrx_word' id='word_1_500' title='bbox 1448 2889 1530 2940; x_wconf 90' lang='lat' dir='ltr'>super</span> <span class='ocrx_word' id='word_1_501' title='bbox 1554 2877 1640 2928; x_wconf 91' lang='grc'>040040</span> <span class='ocrx_word' id='word_1_502' title='bbox 1679 2873 1802 2926; x_wconf 91' lang='lat' dir='ltr'>intensior</span> <span class='ocrx_word' id='word_1_503' title='bbox 1820 2879 1939 2934; x_wconf 84' lang='lat' dir='ltr'>asterga</span> <span class='ocrx_word' id='word_1_504' title='bbox 1968 2869 2089 2936; x_wconf 87' lang='lat' dir='ltr'>aequales</span> <span class='ocrx_word' id='word_1_505' title='bbox 2106 2875 2132 2922; x_wconf 90' lang='lat' dir='ltr'>et</span> <span class='ocrx_word' id='word_1_506' title='bbox 2151 2869 2314 2934; x_wconf 88' lang='lat' dir='ltr'>coniunctos,</span> 
     </span>
     <span class='ocr_line' id='line_1_28' title="bbox 328 2955 2315 3030; baseline -0.003 -16"><span class='ocrx_word' id='word_1_507' title='bbox 328 2963 387 3016; x_wconf 92' lang='lat' dir='ltr'>licet</span> <span class='ocrx_word' id='word_1_508' title='bbox 398 2961 503 3026; x_wconf 89' lang='lat' dir='ltr'>operari</span> <span class='ocrx_word' id='word_1_509' title='bbox 514 2967 540 3014; x_wconf 92' lang='lat' dir='ltr'>et</span> <span class='ocrx_word' id='word_1_510' title='bbox 552 2961 687 3014; x_wconf 91' lang='lat' dir='ltr'>intendere</span> <span class='ocrx_word' id='word_1_511' title='bbox 698 2961 777 3014; x_wconf 90' lang='lat' dir='ltr'>rebus</span> <span class='ocrx_word' id='word_1_512' title='bbox 788 2961 966 3030; x_wconf 59' lang='lat' dir='ltr'>inferioribus</span> <span class='ocrx_word' id='word_1_513' title='bbox 1004 2979 1095 3018; x_wconf 86' lang='lat' dir='ltr'>amere</span> <span class='ocrx_word' id='word_1_514' title='bbox 1119 2963 1248 3018; x_wconf 88' lang='lat' dir='ltr'>amicitiae</span> <span class='ocrx_word' id='word_1_515' title='bbox 1265 2969 1317 3030; x_wconf 89' lang='lat' dir='ltr'>est,</span> <span class='ocrx_word' id='word_1_516' title='bbox 1338 2963 1410 3014; x_wconf 90' lang='lat' dir='ltr'>nullo</span> <span class='ocrx_word' id='word_1_517' title='bbox 1433 2963 1574 3016; x_wconf 90' lang='lat' dir='ltr'>commodo</span> <span class='ocrx_word' id='word_1_518' title='bbox 1598 2965 1640 3018; x_wconf 85' lang='lat' dir='ltr'>vel</span> <span class='ocrx_word' id='word_1_519' title='bbox 1679 2961 1725 3014; x_wconf 91' lang='lat' dir='ltr'>ubi</span> <span class='ocrx_word' id='word_1_520' title='bbox 1743 2963 1852 3014; x_wconf 88' lang='grc'>000004</span> <span class='ocrx_word' id='word_1_521' title='bbox 1869 2973 1975 3012; x_wconf 88' lang='lat' dir='ltr'>morum</span> <span class='ocrx_word' id='word_1_522' title='bbox 2001 2957 2139 3012; x_wconf 87' lang='lat' dir='ltr'>diversitas</span> <span class='ocrx_word' id='word_1_523' title='bbox 2159 2963 2183 3008; x_wconf 93' lang='lat' dir='ltr'>et</span> <span class='ocrx_word' id='word_1_524' title='bbox 2201 2955 2315 3008; x_wconf 86' lang='lat' dir='ltr'>invidiae</span> 
     </span>
     <span class='ocr_line' id='line_1_29' title="bbox 327 3045 2314 3114; baseline -0.004 -12"><span class='ocrx_word' id='word_1_525' title='bbox 327 3051 376 3102; x_wconf 89' lang='grc'>0044</span> <span class='ocrx_word' id='word_1_526' title='bbox 387 3051 500 3114; x_wconf 88' lang='lat' dir='ltr'>septimo</span> <span class='ocrx_word' id='word_1_527' title='bbox 512 3049 555 3102; x_wconf 91' lang='lat' dir='ltr'>die</span> <span class='ocrx_word' id='word_1_528' title='bbox 572 3049 607 3100; x_wconf 91' lang='lat' dir='ltr'>ab</span> <span class='ocrx_word' id='word_1_529' title='bbox 630 3051 701 3102; x_wconf 92' lang='lat' dir='ltr'>omni</span> <span class='ocrx_word' id='word_1_530' title='bbox 714 3063 796 3114; x_wconf 90' lang='lat' dir='ltr'>opere</span> <span class='ocrx_word' id='word_1_531' title='bbox 810 3051 965 3104; x_wconf 89' lang='lat' dir='ltr'>cessandum</span> <span class='ocrx_word' id='word_1_532' title='bbox 1004 3051 1173 3106; x_wconf 90' lang='lat' dir='ltr'>incommodo</span> <span class='ocrx_word' id='word_1_533' title='bbox 1191 3053 1259 3104; x_wconf 92' lang='lat' dir='ltr'>velle</span> <span class='ocrx_word' id='word_1_534' title='bbox 1277 3053 1350 3104; x_wconf 91' lang='lat' dir='ltr'>illum</span> <span class='ocrx_word' id='word_1_535' title='bbox 1367 3051 1498 3104; x_wconf 88' lang='lat' dir='ltr'>oliendere</span> <span class='ocrx_word' id='word_1_536' title='bbox 1517 3067 1565 3106; x_wconf 91' lang='lat' dir='ltr'>nee</span> <span class='ocrx_word' id='word_1_537' title='bbox 1577 3055 1641 3104; x_wconf 91' lang='lat' dir='ltr'>ami·</span> <span class='ocrx_word' id='word_1_538' title='bbox 1678 3051 1824 3114; x_wconf 87' lang='lat' dir='ltr'>malignitas</span> <span class='ocrx_word' id='word_1_539' title='bbox 1844 3051 1862 3102; x_wconf 95' lang='lat' dir='ltr'>ll</span> <span class='ocrx_word' id='word_1_540' title='bbox 1881 3048 1930 3100; x_wconf 87' lang='grc'>498</span> <span class='ocrx_word' id='word_1_541' title='bbox 1951 3063 2014 3100; x_wconf 89' lang='grc'>0-</span> <span class='ocrx_word' id='word_1_542' title='bbox 2027 3049 2139 3100; x_wconf 81' lang='grc'>4444004440</span> <span class='ocrx_word' id='word_1_543' title='bbox 2155 3045 2277 3098; x_wconf 88' lang='grc'>004040440</span> <span class='ocrx_word' id='word_1_544' title='bbox 2289 3045 2314 3094; x_wconf 91' lang='grc'>40</span> 
     </span>
     <span class='ocr_line' id='line_1_30' title="bbox 329 3133 2315 3206; baseline -0.004 -14"><span class='ocrx_word' id='word_1_545' title='bbox 329 3143 379 3206; x_wconf 85' lang='grc'>004,</span> <span class='ocrx_word' id='word_1_546' title='bbox 397 3137 491 3188; x_wconf 89' lang='grc'>04900</span> <span class='ocrx_word' id='word_1_547' title='bbox 509 3137 815 3204; x_wconf 87' lang='lat' dir='ltr'>percontamplationem</span> <span class='ocrx_word' id='word_1_548' title='bbox 832 3139 966 3192; x_wconf 88' lang='lat' dir='ltr'>inhaeren-</span> <span class='ocrx_word' id='word_1_549' title='bbox 1004 3141 1089 3192; x_wconf 91' lang='lat' dir='ltr'>citiam</span> <span class='ocrx_word' id='word_1_550' title='bbox 1109 3141 1211 3192; x_wconf 90' lang='lat' dir='ltr'>solvere</span> <span class='ocrx_word' id='word_1_551' title='bbox 1229 3141 1248 3194; x_wconf 93' lang='lat' dir='ltr'>ll</span> <span class='ocrx_word' id='word_1_552' title='bbox 1268 3141 1317 3192; x_wconf 87' lang='grc'>490</span> <span class='ocrx_word' id='word_1_553' title='bbox 1338 3139 1525 3204; x_wconf 83' lang='grc'>0--94440040</span> <span class='ocrx_word' id='word_1_554' title='bbox 1544 3141 1639 3206; x_wconf 87' lang='lat' dir='ltr'>aliquid</span> <span class='ocrx_word' id='word_1_555' title='bbox 1678 3137 1728 3190; x_wconf 87' lang='lat' dir='ltr'>sibi</span> <span class='ocrx_word' id='word_1_556' title='bbox 1745 3137 1878 3202; x_wconf 81' lang='lat' dir='ltr'>proximos</span> <span class='ocrx_word' id='word_1_557' title='bbox 1908 3141 1993 3188; x_wconf 92' lang='lat' dir='ltr'>manet</span> <span class='ocrx_word' id='word_1_558' title='bbox 2011 3137 2038 3188; x_wconf 92' lang='lat' dir='ltr'>in</span> <span class='ocrx_word' id='word_1_559' title='bbox 2058 3135 2147 3200; x_wconf 92' lang='lat' dir='ltr'>impiis</span> <span class='ocrx_word' id='word_1_560' title='bbox 2165 3133 2315 3188; x_wconf 88' lang='lat' dir='ltr'>hominibus</span> 
     </span>
     <span class='ocr_line' id='line_1_31' title="bbox 326 3223 2314 3294; baseline -0.003 -14"><span class='ocrx_word' id='word_1_561' title='bbox 326 3227 390 3280; x_wconf 91' lang='lat' dir='ltr'>dum</span> <span class='ocrx_word' id='word_1_562' title='bbox 407 3223 519 3278; x_wconf 83' lang='lat' dir='ltr'>ibid-</span> <span class='ocrx_word' id='word_1_563' title='bbox 542 3225 673 3276; x_wconf 90' lang='lat' dir='ltr'>dominica</span> <span class='ocrx_word' id='word_1_564' title='bbox 692 3223 857 3278; x_wconf 88' lang='lat' dir='ltr'>observanda</span> <span class='ocrx_word' id='word_1_565' title='bbox 877 3233 915 3280; x_wconf 89' lang='lat' dir='ltr'>est</span> <span class='ocrx_word' id='word_1_566' title='bbox 939 3229 965 3278; x_wconf 91' lang='lat' dir='ltr'>in</span> <span class='ocrx_word' id='word_1_567' title='bbox 1002 3243 1083 3294; x_wconf 90' lang='lat' dir='ltr'>super</span> <span class='ocrx_word' id='word_1_568' title='bbox 1097 3231 1185 3282; x_wconf 85' lang='lat' dir='ltr'>omnia</span> <span class='ocrx_word' id='word_1_569' title='bbox 1197 3227 1333 3280; x_wconf 85' lang='lat' dir='ltr'>dilectione</span> <span class='ocrx_word' id='word_1_570' title='bbox 1346 3229 1570 3290; x_wconf 88' lang='lat' dir='ltr'>concupiscentiae</span> <span class='ocrx_word' id='word_1_571' title='bbox 1589 3233 1638 3294; x_wconf 87' lang='lat' dir='ltr'>est,</span> <span class='ocrx_word' id='word_1_572' title='bbox 1678 3227 1713 3278; x_wconf 89' lang='lat' dir='ltr'>lV</span> <span class='ocrx_word' id='word_1_573' title='bbox 1733 3225 1800 3276; x_wconf 88' lang='grc'>4039</span> <span class='ocrx_word' id='word_1_574' title='bbox 1819 3225 1911 3290; x_wconf 81' lang='grc'>0409</span> <span class='ocrx_word' id='word_1_575' title='bbox 1937 3251 1972 3262; x_wconf 88' lang='grc'>··-</span> <span class='ocrx_word' id='word_1_576' title='bbox 1994 3225 2022 3274; x_wconf 90' lang='grc'>40</span> <span class='ocrx_word' id='word_1_577' title='bbox 2042 3223 2178 3276; x_wconf 88' lang='lat' dir='ltr'>dilectione</span> <span class='ocrx_word' id='word_1_578' title='bbox 2207 3225 2314 3276; x_wconf 84' lang='lat' dir='ltr'>naturali</span> 
     </span>
     <span class='ocr_line' id='line_1_32' title="bbox 325 3311 2290 3382; baseline -0.001 -16"><span class='ocrx_word' id='word_1_579' title='bbox 325 3315 478 3366; x_wconf 87' lang='lat' dir='ltr'>memoriam</span> <span class='ocrx_word' id='word_1_580' title='bbox 499 3313 618 3366; x_wconf 86' lang='lat' dir='ltr'>beneficii</span> <span class='ocrx_word' id='word_1_581' title='bbox 631 3313 833 3380; x_wconf 89' lang='lat' dir='ltr'>redemptionis,</span> <span class='ocrx_word' id='word_1_582' title='bbox 853 3315 879 3366; x_wconf 92' lang='grc'>40</span> <span class='ocrx_word' id='word_1_583' title='bbox 892 3329 965 3380; x_wconf 92' lang='lat' dir='ltr'>prae·</span> <span class='ocrx_word' id='word_1_584' title='bbox 1003 3317 1074 3368; x_wconf 91' lang='lat' dir='ltr'>nullo</span> <span class='ocrx_word' id='word_1_585' title='bbox 1094 3315 1236 3370; x_wconf 90' lang='lat' dir='ltr'>commodo</span> <span class='ocrx_word' id='word_1_586' title='bbox 1251 3316 1294 3367; x_wconf 91' lang='lat' dir='ltr'>vel</span> <span class='ocrx_word' id='word_1_587' title='bbox 1307 3315 1475 3368; x_wconf 89' lang='lat' dir='ltr'>incommodo</span> <span class='ocrx_word' id='word_1_588' title='bbox 1493 3315 1560 3368; x_wconf 88' lang='lat' dir='ltr'>velle</span> <span class='ocrx_word' id='word_1_589' title='bbox 1576 3315 1640 3368; x_wconf 90' lang='lat' dir='ltr'>illud</span> <span class='ocrx_word' id='word_1_590' title='bbox 1679 3329 1756 3382; x_wconf 90' lang='lat' dir='ltr'>saepe</span> <span class='ocrx_word' id='word_1_591' title='bbox 1776 3321 1814 3368; x_wconf 88' lang='lat' dir='ltr'>est</span> <span class='ocrx_word' id='word_1_592' title='bbox 1832 3321 1969 3380; x_wconf 88' lang='lat' dir='ltr'>peecatum</span> <span class='ocrx_word' id='word_1_593' title='bbox 1986 3313 2088 3368; x_wconf 89' lang='lat' dir='ltr'>veniale</span> <span class='ocrx_word' id='word_1_594' title='bbox 2106 3313 2139 3366; x_wconf 87' lang='lat' dir='ltr'>lV</span> <span class='ocrx_word' id='word_1_595' title='bbox 2159 3311 2210 3366; x_wconf 91' lang='grc'>559</span> <span class='ocrx_word' id='word_1_596' title='bbox 2228 3313 2254 3366; x_wconf 93' lang='lat' dir='ltr'>d.</span> <span class='ocrx_word' id='word_1_597' title='bbox 2275 3315 2290 3366; x_wconf 89' lang='grc'>3</span> 
     </span>
     <span class='ocr_line' id='line_1_33' title="bbox 324 3401 2313 3470; baseline 0 -16"><span class='ocrx_word' id='word_1_598' title='bbox 324 3403 507 3468; x_wconf 88' lang='grc'>000404400040</span> <span class='ocrx_word' id='word_1_599' title='bbox 520 3401 623 3454; x_wconf 88' lang='lat' dir='ltr'>futurae</span> <span class='ocrx_word' id='word_1_600' title='bbox 633 3403 829 3456; x_wconf 89' lang='lat' dir='ltr'>resurrectionis</span> <span class='ocrx_word' id='word_1_601' title='bbox 842 3407 870 3456; x_wconf 93' lang='lat' dir='ltr'>et</span> <span class='ocrx_word' id='word_1_602' title='bbox 881 3403 915 3456; x_wconf 88' lang='lat' dir='ltr'>ad</span> <span class='ocrx_word' id='word_1_603' title='bbox 926 3417 965 3456; x_wconf 89' lang='grc'>04·</span> <span class='ocrx_word' id='word_1_604' title='bbox 1003 3405 1114 3470; x_wconf 90' lang='lat' dir='ltr'>perdere</span> <span class='ocrx_word' id='word_1_605' title='bbox 1125 3401 1188 3458; x_wconf 84' lang='lat' dir='ltr'>ibid.</span> <span class='ocrx_word' id='word_1_606' title='bbox 1203 3401 1266 3458; x_wconf 84' lang='lat' dir='ltr'>Vide</span> <span class='ocrx_word' id='word_1_607' title='bbox 1283 3403 1312 3458; x_wconf 89' lang='lat' dir='ltr'>V.</span> <span class='ocrx_word' id='word_1_608' title='bbox 1325 3405 1413 3458; x_wconf 81' lang='grc'>40404</span> <span class='ocrx_word' id='word_1_609' title='bbox 1430 3411 1455 3458; x_wconf 89' lang='grc'>04</span> <span class='ocrx_word' id='word_1_610' title='bbox 1472 3405 1500 3458; x_wconf 93' lang='lat' dir='ltr'>V.</span> <span class='ocrx_word' id='word_1_611' title='bbox 1514 3403 1640 3460; x_wconf 82' lang='lat' dir='ltr'>Guriios-</span> <span class='ocrx_word' id='word_1_612' title='bbox 1732 3433 1767 3444; x_wconf 91' lang='lat'><em>-</em></span> <span class='ocrx_word' id='word_1_613' title='bbox 1787 3405 1830 3456; x_wconf 93' lang='grc'>904</span> <span class='ocrx_word' id='word_1_614' title='bbox 1850 3407 1887 3456; x_wconf 91' lang='grc'>004</span> <span class='ocrx_word' id='word_1_615' title='bbox 1906 3417 1920 3456; x_wconf 88' lang='grc'>0</span> <span class='ocrx_word' id='word_1_616' title='bbox 1939 3405 2071 3456; x_wconf 89' lang='lat' dir='ltr'>voluntate</span> <span class='ocrx_word' id='word_1_617' title='bbox 2090 3403 2213 3468; x_wconf 85' lang='lat' dir='ltr'>naturali,</span> <span class='ocrx_word' id='word_1_618' title='bbox 2225 3403 2268 3454; x_wconf 92' lang='lat' dir='ltr'>vel</span> <span class='ocrx_word' id='word_1_619' title='bbox 2281 3401 2313 3454; x_wconf 93' lang='lat' dir='ltr'>ab</span> 
     </span>
     <span class='ocr_line' id='line_1_34' title="bbox 324 3489 2315 3562; baseline -0.002 -18"><span class='ocrx_word' id='word_1_620' title='bbox 324 3491 468 3544; x_wconf 86' lang='lat' dir='ltr'>elusionem</span> <span class='ocrx_word' id='word_1_621' title='bbox 488 3491 585 3542; x_wconf 86' lang='lat' dir='ltr'>erroris</span> <span class='ocrx_word' id='word_1_622' title='bbox 614 3491 762 3558; x_wconf 90' lang='lat' dir='ltr'>gentilium,</span> <span class='ocrx_word' id='word_1_623' title='bbox 782 3493 826 3560; x_wconf 90' lang='lat' dir='ltr'>qui</span> <span class='ocrx_word' id='word_1_624' title='bbox 852 3493 963 3546; x_wconf 89' lang='lat' dir='ltr'>eandem</span> <span class='ocrx_word' id='word_1_625' title='bbox 1001 3495 1078 3548; x_wconf 87' lang='grc'>004440</span> <span class='ocrx_word' id='word_1_626' title='bbox 1679 3495 1803 3562; x_wconf 84' lang='grc'>04004440,</span> <span class='ocrx_word' id='word_1_627' title='bbox 1817 3495 1860 3546; x_wconf 88' lang='lat' dir='ltr'>vel</span> <span class='ocrx_word' id='word_1_628' title='bbox 1878 3507 1893 3544; x_wconf 92' lang='lat' dir='ltr'>a</span> <span class='ocrx_word' id='word_1_629' title='bbox 1914 3493 2024 3558; x_wconf 86' lang='lat' dir='ltr'>gratuita</span> <span class='ocrx_word' id='word_1_630' title='bbox 2044 3491 2060 3542; x_wconf 91' lang='lat' dir='ltr'>il</span> <span class='ocrx_word' id='word_1_631' title='bbox 2081 3491 2131 3544; x_wconf 90' lang='grc'>455</span> <span class='ocrx_word' id='word_1_632' title='bbox 2153 3489 2227 3544; x_wconf 90' lang='grc'>4*-</span> <span class='ocrx_word' id='word_1_633' title='bbox 2240 3491 2315 3542; x_wconf 84' lang='grc'>7040-</span> 
     </span>
     <span class='ocr_line' id='line_1_35' title="bbox 324 3577 2315 3648; baseline -0.001 -17"><span class='ocrx_word' id='word_1_634' title='bbox 324 3579 372 3632; x_wconf 87' lang='grc'>0044</span> <span class='ocrx_word' id='word_1_635' title='bbox 391 3591 494 3630; x_wconf 88' lang='grc'>0004004</span> <span class='ocrx_word' id='word_1_636' title='bbox 516 3577 648 3630; x_wconf 89' lang='lat' dir='ltr'>habebant</span> <span class='ocrx_word' id='word_1_637' title='bbox 666 3579 696 3630; x_wconf 95' lang='lat' dir='ltr'>lll</span> <span class='ocrx_word' id='word_1_638' title='bbox 715 3579 766 3632; x_wconf 87' lang='grc'>839</span> <span class='ocrx_word' id='word_1_639' title='bbox 786 3595 801 3632; x_wconf 90' lang='grc'>0</span> <span class='ocrx_word' id='word_1_640' title='bbox 823 3607 860 3620; x_wconf 93' lang='lat'>—·</span> <span class='ocrx_word' id='word_1_641' title='bbox 881 3581 964 3646; x_wconf 87' lang='lat' dir='ltr'>Quae·</span> <span class='ocrx_word' id='word_1_642' title='bbox 1055 3609 1089 3622; x_wconf 94' lang='lat'>-·</span> <span class='ocrx_word' id='word_1_643' title='bbox 1109 3581 1278 3634; x_wconf 85' lang='lat' dir='ltr'>deliberative</span> <span class='ocrx_word' id='word_1_644' title='bbox 1303 3583 1379 3634; x_wconf 90' lang='lat' dir='ltr'>simul</span> <span class='ocrx_word' id='word_1_645' title='bbox 1404 3587 1430 3634; x_wconf 92' lang='grc'>04</span> <span class='ocrx_word' id='word_1_646' title='bbox 1450 3581 1533 3636; x_wconf 89' lang='lat' dir='ltr'>semel</span> <span class='ocrx_word' id='word_1_647' title='bbox 1556 3585 1639 3648; x_wconf 90' lang='lat' dir='ltr'>potest</span> <span class='ocrx_word' id='word_1_648' title='bbox 1678 3597 1742 3648; x_wconf 89' lang='lat' dir='ltr'>pore</span> <span class='ocrx_word' id='word_1_649' title='bbox 1760 3589 1868 3636; x_wconf 90' lang='lat' dir='ltr'>naturae</span> <span class='ocrx_word' id='word_1_650' title='bbox 1879 3581 2008 3636; x_wconf 88' lang='lat' dir='ltr'>institutae</span> <span class='ocrx_word' id='word_1_651' title='bbox 2021 3581 2142 3634; x_wconf 89' lang='lat' dir='ltr'>voluntas</span> <span class='ocrx_word' id='word_1_652' title='bbox 2156 3579 2247 3632; x_wconf 91' lang='lat' dir='ltr'>habilis</span> <span class='ocrx_word' id='word_1_653' title='bbox 2259 3585 2315 3632; x_wconf 91' lang='lat' dir='ltr'>erat</span> 
     </span>
     <span class='ocr_line' id='line_1_36' title="bbox 325 3665 2313 3738; baseline 0 -18"><span class='ocrx_word' id='word_1_654' title='bbox 325 3681 385 3720; x_wconf 90' lang='lat' dir='ltr'>uam</span> <span class='ocrx_word' id='word_1_655' title='bbox 402 3669 428 3718; x_wconf 96' lang='lat' dir='ltr'>in</span> <span class='ocrx_word' id='word_1_656' title='bbox 456 3665 552 3720; x_wconf 90' lang='lat' dir='ltr'>diebus</span> <span class='ocrx_word' id='word_1_657' title='bbox 576 3667 740 3720; x_wconf 88' lang='lat' dir='ltr'>solemnibus</span> <span class='ocrx_word' id='word_1_658' title='bbox 763 3669 829 3720; x_wconf 89' lang='lat' dir='ltr'>licita</span> <span class='ocrx_word' id='word_1_659' title='bbox 849 3671 912 3736; x_wconf 90' lang='lat' dir='ltr'>sint,</span> <span class='ocrx_word' id='word_1_660' title='bbox 940 3675 964 3722; x_wconf 90' lang='grc'>04</span> <span class='ocrx_word' id='word_1_661' title='bbox 1001 3675 1101 3726; x_wconf 86' lang='grc'>4004040</span> <span class='ocrx_word' id='word_1_662' title='bbox 1120 3671 1145 3720; x_wconf 90' lang='grc'>40</span> <span class='ocrx_word' id='word_1_663' title='bbox 1165 3683 1248 3722; x_wconf 88' lang='grc'>00040</span> <span class='ocrx_word' id='word_1_664' title='bbox 1265 3669 1326 3722; x_wconf 89' lang='grc'>40444</span> <span class='ocrx_word' id='word_1_665' title='bbox 1344 3669 1437 3724; x_wconf 87' lang='grc'>444608</span> <span class='ocrx_word' id='word_1_666' title='bbox 1460 3671 1478 3722; x_wconf 93' lang='lat' dir='ltr'>f.</span> <span class='ocrx_word' id='word_1_667' title='bbox 1497 3669 1637 3724; x_wconf 80' lang='grc'>9-9040</span> <span class='ocrx_word' id='word_1_668' title='bbox 1678 3673 1711 3726; x_wconf 88' lang='grc'>00</span> <span class='ocrx_word' id='word_1_669' title='bbox 1732 3671 1892 3738; x_wconf 85' lang='lat' dir='ltr'>diligendum</span> <span class='ocrx_word' id='word_1_670' title='bbox 1918 3671 1998 3722; x_wconf 89' lang='lat' dir='ltr'>Deum</span> <span class='ocrx_word' id='word_1_671' title='bbox 2028 3675 2134 3736; x_wconf 90' lang='lat' dir='ltr'>propter</span> <span class='ocrx_word' id='word_1_672' title='bbox 2163 3683 2190 3720; x_wconf 92' lang='lat' dir='ltr'>se</span> <span class='ocrx_word' id='word_1_673' title='bbox 2219 3675 2242 3720; x_wconf 89' lang='lat' dir='ltr'>et</span> <span class='ocrx_word' id='word_1_674' title='bbox 2270 3681 2313 3720; x_wconf 90' lang='lat' dir='ltr'>su·</span> 
     </span>
     <span class='ocr_line' id='line_1_37' title="bbox 325 3745 2316 3828; baseline -0.001 -18"><span class='ocrx_word' id='word_1_675' title='bbox 325 3755 421 3824; x_wconf 83' lang='lat' dir='ltr'>quibus</span> <span class='ocrx_word' id='word_1_676' title='bbox 442 3753 568 3820; x_wconf 86' lang='lat' dir='ltr'>operibus</span> <span class='ocrx_word' id='word_1_677' title='bbox 584 3757 637 3810; x_wconf 89' lang='lat' dir='ltr'>sint</span> <span class='ocrx_word' id='word_1_678' title='bbox 653 3759 831 3810; x_wconf 88' lang='lat' dir='ltr'>sanctificandi</span> <span class='ocrx_word' id='word_1_679' title='bbox 850 3757 922 3812; x_wconf 85' lang='lat' dir='ltr'>ihb</span> <span class='ocrx_word' id='word_1_680' title='bbox 1004 3759 1084 3813; x_wconf 92' lang='lat' dir='ltr'>multa</span> <span class='ocrx_word' id='word_1_681' title='bbox 1104 3759 1248 3822; x_wconf 90' lang='lat' dir='ltr'>diliguntur</span> <span class='ocrx_word' id='word_1_682' title='bbox 1265 3765 1295 3810; x_wconf 92' lang='lat' dir='ltr'>ut</span> <span class='ocrx_word' id='word_1_683' title='bbox 1317 3759 1397 3810; x_wconf 91' lang='lat' dir='ltr'>relata</span> <span class='ocrx_word' id='word_1_684' title='bbox 1416 3759 1448 3812; x_wconf 92' lang='lat' dir='ltr'>ad</span> <span class='ocrx_word' id='word_1_685' title='bbox 1474 3773 1569 3826; x_wconf 90' lang='lat' dir='ltr'>unum,</span> <span class='ocrx_word' id='word_1_686' title='bbox 1588 3773 1638 3814; x_wconf 93' lang='lat' dir='ltr'>non</span> <span class='ocrx_word' id='word_1_687' title='bbox 1679 3763 1832 3828; x_wconf 87' lang='lat' dir='ltr'>peremnia</span> <span class='ocrx_word' id='word_1_688' title='bbox 1851 3763 1869 3814; x_wconf 91' lang='lat' dir='ltr'>li</span> <span class='ocrx_word' id='word_1_689' title='bbox 1889 3759 1939 3812; x_wconf 88' lang='grc'>496</span> <span class='ocrx_word' id='word_1_690' title='bbox 1958 3759 1985 3812; x_wconf 89' lang='grc'>44.</span> <span class='ocrx_word' id='word_1_691' title='bbox 1998 3759 2049 3810; x_wconf 89' lang='grc'>696</span> <span class='ocrx_word' id='word_1_692' title='bbox 2066 3757 2142 3810; x_wconf 90' lang='grc'>3*-</span> <span class='ocrx_word' id='word_1_693' title='bbox 2156 3745 2253 3810; x_wconf 77' lang='lat' dir='ltr'>affectu</span> <span class='ocrx_word' id='word_1_694' title='bbox 2273 3771 2316 3810; x_wconf 88' lang='lat' dir='ltr'>na·</span> 
     </span>
    </p>
   </div>
   <div class='ocr_carea' id='block_1_3' title="bbox 378 3841 2398 3914">
    <p class='ocr_par' dir='ltr' id='par_1_4' title="bbox 378 3841 2398 3914">
     <span class='ocr_line' id='line_1_38' title="bbox 378 3841 2398 3914; baseline 0 -17"><span class='ocrx_word' id='word_1_695' title='bbox 378 3841 898 3910; x_wconf 82' lang='grc'>94440040-0400440440444444440004404</span> <span class='ocrx_word' id='word_1_696' title='bbox 914 3849 963 3902; x_wconf 90' lang='grc'>955</span> <span class='ocrx_word' id='word_1_697' title='bbox 1004 3849 1090 3900; x_wconf 87' lang='lat' dir='ltr'>minus</span> <span class='ocrx_word' id='word_1_698' title='bbox 1104 3849 1341 3914; x_wconf 87' lang='lat' dir='ltr'>diligunturquam</span> <span class='ocrx_word' id='word_1_699' title='bbox 1355 3861 1438 3912; x_wconf 89' lang='lat' dir='ltr'>pauca</span> <span class='ocrx_word' id='word_1_700' title='bbox 1450 3849 1480 3900; x_wconf 91' lang='grc'>444</span> <span class='ocrx_word' id='word_1_701' title='bbox 1493 3849 1540 3900; x_wconf 87' lang='grc'>694</span> <span class='ocrx_word' id='word_1_702' title='bbox 1564 3845 1639 3900; x_wconf 84' lang='grc'>4*-</span> <span class='ocrx_word' id='word_1_703' title='bbox 1678 3851 1754 3904; x_wconf 89' lang='grc'>404044</span> <span class='ocrx_word' id='word_1_704' title='bbox 1768 3853 1839 3902; x_wconf 90' lang='grc'>40040</span> <span class='ocrx_word' id='word_1_705' title='bbox 1850 3851 2031 3902; x_wconf 89' lang='lat' dir='ltr'>Deussumme</span> <span class='ocrx_word' id='word_1_706' title='bbox 2044 3847 2160 3912; x_wconf 90' lang='lat' dir='ltr'>diligitur</span> <span class='ocrx_word' id='word_1_707' title='bbox 2171 3851 2199 3900; x_wconf 91' lang='lat' dir='ltr'>ul</span> <span class='ocrx_word' id='word_1_708' title='bbox 2211 3861 2313 3900; x_wconf 90' lang='lat' dir='ltr'>summe</span> <span class='ocrx_word' id='word_1_709' title='bbox 2396 3849 2398 3868; x_wconf 77' lang='lat'><strong><em>‘</em></strong></span> 
     </span>
    </p>
   </div>
   <div class='ocr_carea' id='block_1_4' title="bbox 325 3933 2313 4002">
    <p class='ocr_par' dir='ltr' id='par_1_5' title="bbox 325 3933 2313 4002">
     <span class='ocr_line' id='line_1_39' title="bbox 325 3933 2313 4002; baseline 0 -14"><span class='ocrx_word' id='word_1_710' title='bbox 325 3933 351 3988; x_wconf 89' lang='lat' dir='ltr'>d.</span> <span class='ocrx_word' id='word_1_711' title='bbox 372 3933 387 3984; x_wconf 90' lang='grc'>5</span> <span class='ocrx_word' id='word_1_712' title='bbox 410 3959 447 3972; x_wconf 93' lang='lat'><em>-</em></span> <span class='ocrx_word' id='word_1_713' title='bbox 467 3933 614 3986; x_wconf 88' lang='lat' dir='ltr'>secundnm</span> <span class='ocrx_word' id='word_1_714' title='bbox 627 3935 699 4002; x_wconf 87' lang='lat' dir='ltr'>quod</span> <span class='ocrx_word' id='word_1_715' title='bbox 711 3935 863 3988; x_wconf 88' lang='lat' dir='ltr'>huiusmodi</span> <span class='ocrx_word' id='word_1_716' title='bbox 881 3945 921 3990; x_wconf 88' lang='lat' dir='ltr'>est</span> <span class='ocrx_word' id='word_1_717' title='bbox 939 3939 963 3990; x_wconf 91' lang='lat' dir='ltr'>in</span> <span class='ocrx_word' id='word_1_718' title='bbox 1001 3935 1080 3990; x_wconf 79' lang='lat' dir='ltr'>Actus</span> <span class='ocrx_word' id='word_1_719' title='bbox 1100 3937 1244 3990; x_wconf 88' lang='lat' dir='ltr'>dilectionis</span> <span class='ocrx_word' id='word_1_720' title='bbox 1259 3941 1300 3990; x_wconf 89' lang='lat' dir='ltr'>est</span> <span class='ocrx_word' id='word_1_721' title='bbox 1317 3937 1455 4000; x_wconf 88' lang='lat' dir='ltr'>perfectior</span> <span class='ocrx_word' id='word_1_722' title='bbox 1474 3949 1555 4002; x_wconf 88' lang='lat' dir='ltr'>quam</span> <span class='ocrx_word' id='word_1_723' title='bbox 1566 3941 1639 3990; x_wconf 89' lang='lat' dir='ltr'>actus</span> <span class='ocrx_word' id='word_1_724' title='bbox 1679 3939 1781 3990; x_wconf 91' lang='lat' dir='ltr'>honum</span> <span class='ocrx_word' id='word_1_725' title='bbox 1795 3939 1910 4002; x_wconf 89' lang='lat' dir='ltr'>diligenti</span> <span class='ocrx_word' id='word_1_726' title='bbox 1923 3939 1939 3988; x_wconf 95' lang='lat' dir='ltr'>ll</span> <span class='ocrx_word' id='word_1_727' title='bbox 1954 3937 2005 3990; x_wconf 89' lang='grc'>495</span> <span class='ocrx_word' id='word_1_728' title='bbox 2018 3939 2037 3990; x_wconf 92' lang='lat' dir='ltr'>f.</span> <span class='ocrx_word' id='word_1_729' title='bbox 2049 3939 2073 3990; x_wconf 92' lang='grc'>9.</span> <span class='ocrx_word' id='word_1_730' title='bbox 2089 3935 2138 3988; x_wconf 89' lang='grc'>490</span> <span class='ocrx_word' id='word_1_731' title='bbox 2155 3933 2190 4002; x_wconf 85' lang='lat' dir='ltr'>l*,</span> <span class='ocrx_word' id='word_1_732' title='bbox 2207 3933 2235 3986; x_wconf 85' lang='lat'>3*</span> <span class='ocrx_word' id='word_1_733' title='bbox 2250 3933 2313 3988; x_wconf 83' lang='lat' dir='ltr'>Vide</span> 
     </span>
    </p>
   </div>
   <div class='ocr_carea' id='block_1_5' title="bbox 325 4019 2394 4090">
    <p class='ocr_par' dir='ltr' id='par_1_6' title="bbox 325 4019 2394 4090">
     <span class='ocr_line' id='line_1_40' title="bbox 325 4019 2394 4090; baseline -0.001 -16"><span class='ocrx_word' id='word_1_734' title='bbox 325 4021 422 4074; x_wconf 89' lang='lat' dir='ltr'>alludi</span> <span class='ocrx_word' id='word_1_735' title='bbox 443 4019 494 4074; x_wconf 88' lang='grc'>746</span> <span class='ocrx_word' id='word_1_736' title='bbox 513 4023 528 4072; x_wconf 94' lang='grc'>4.</span> <span class='ocrx_word' id='word_1_737' title='bbox 551 4023 561 4074; x_wconf 97' lang='grc'>4</span> <span class='ocrx_word' id='word_1_738' title='bbox 587 4047 624 4062; x_wconf 93' lang='lat'><em>-</em></span> <span class='ocrx_word' id='word_1_739' title='bbox 644 4023 718 4086; x_wconf 87' lang='lat' dir='ltr'>prius</span> <span class='ocrx_word' id='word_1_740' title='bbox 741 4023 841 4088; x_wconf 88' lang='lat' dir='ltr'>altingit</span> <span class='ocrx_word' id='word_1_741' title='bbox 861 4027 964 4090; x_wconf 87' lang='lat' dir='ltr'>propin·</span> <span class='ocrx_word' id='word_1_742' title='bbox 1002 4025 1198 4090; x_wconf 84' lang='grc' dir='ltr'>0400004οι400ῐο</span> <span class='ocrx_word' id='word_1_743' title='bbox 1210 4023 1240 4075; x_wconf 92' lang='grc'>444</span> <span class='ocrx_word' id='word_1_744' title='bbox 1256 4023 1308 4076; x_wconf 88' lang='grc'>575</span> <span class='ocrx_word' id='word_1_745' title='bbox 1325 4021 1356 4074; x_wconf 88' lang='grc'>6*</span> <span class='ocrx_word' id='word_1_746' title='bbox 1682 4027 1710 4080; x_wconf 95' lang='lat' dir='ltr'>V.</span> <span class='ocrx_word' id='word_1_747' title='bbox 1735 4029 1806 4080; x_wconf 85' lang='grc'>90440</span> <span class='ocrx_word' id='word_1_748' title='bbox 1823 4023 1866 4080; x_wconf 77' lang='lat' dir='ltr'>ee</span> <span class='ocrx_word' id='word_1_749' title='bbox 1890 4053 1925 4064; x_wconf 82' lang='lat'><em>-</em></span> <span class='ocrx_word' id='word_1_750' title='bbox 1943 4025 1991 4078; x_wconf 90' lang='lat' dir='ltr'>Dei</span> <span class='ocrx_word' id='word_1_751' title='bbox 2018 4025 2142 4078; x_wconf 89' lang='lat' dir='ltr'>naturalis</span> <span class='ocrx_word' id='word_1_752' title='bbox 2168 4023 2312 4088; x_wconf 90' lang='lat' dir='ltr'>plurimum</span> <span class='ocrx_word' id='word_1_753' title='bbox 2393 4067 2394 4070; x_wconf 72' lang='grc'>,</span> 
     </span>
    </p>
   </div>
   <div class='ocr_carea' id='block_1_6' title="bbox 324 4111 2392 6136">
    <p class='ocr_par' dir='ltr' id='par_1_7' title="bbox 324 4111 2392 5508">
     <span class='ocr_line' id='line_1_41' title="bbox 325 4111 2312 4178; baseline -0.001 -14"><span class='ocrx_word' id='word_1_754' title='bbox 325 4113 416 4178; x_wconf 90' lang='lat' dir='ltr'>quiora</span> <span class='ocrx_word' id='word_1_755' title='bbox 437 4111 723 4176; x_wconf 84' lang='grc'>00040404000040444</span> <span class='ocrx_word' id='word_1_756' title='bbox 743 4111 793 4164; x_wconf 90' lang='grc'>648</span> <span class='ocrx_word' id='word_1_757' title='bbox 814 4113 831 4164; x_wconf 93' lang='lat' dir='ltr'>b</span> <span class='ocrx_word' id='word_1_758' title='bbox 855 4111 918 4166; x_wconf 85' lang='lat' dir='ltr'>Vide</span> <span class='ocrx_word' id='word_1_759' title='bbox 935 4113 962 4166; x_wconf 91' lang='grc'>7.</span> <span class='ocrx_word' id='word_1_760' title='bbox 1055 4141 1090 4152; x_wconf 91' lang='lat'><em>-</em></span> <span class='ocrx_word' id='word_1_761' title='bbox 1113 4115 1230 4178; x_wconf 89' lang='lat' dir='ltr'>sequitur</span> <span class='ocrx_word' id='word_1_762' title='bbox 1255 4113 1431 4176; x_wconf 90' lang='lat' dir='ltr'>cognitionem</span> <span class='ocrx_word' id='word_1_763' title='bbox 1455 4113 1512 4164; x_wconf 92' lang='grc'>494</span> <span class='ocrx_word' id='word_1_764' title='bbox 1542 4111 1569 4166; x_wconf 87' lang='grc'>44.</span> <span class='ocrx_word' id='word_1_765' title='bbox 1587 4113 1638 4166; x_wconf 91' lang='grc'>497</span> <span class='ocrx_word' id='word_1_766' title='bbox 1678 4115 1761 4168; x_wconf 88' lang='lat' dir='ltr'>differt</span> <span class='ocrx_word' id='word_1_767' title='bbox 1790 4129 1804 4168; x_wconf 87' lang='lat' dir='ltr'>a</span> <span class='ocrx_word' id='word_1_768' title='bbox 1829 4115 1934 4168; x_wconf 89' lang='lat' dir='ltr'>caritate</span> <span class='ocrx_word' id='word_1_769' title='bbox 1961 4119 1987 4166; x_wconf 91' lang='lat' dir='ltr'>et</span> <span class='ocrx_word' id='word_1_770' title='bbox 2013 4127 2064 4164; x_wconf 92' lang='lat' dir='ltr'>non</span> <span class='ocrx_word' id='word_1_771' title='bbox 2089 4115 2127 4164; x_wconf 89' lang='grc'>004</span> <span class='ocrx_word' id='word_1_772' title='bbox 2145 4113 2274 4164; x_wconf 88' lang='grc'>4004440440</span> <span class='ocrx_word' id='word_1_773' title='bbox 2293 4111 2312 4164; x_wconf 92' lang='grc'>44</span> 
     </span>
     <span class='ocr_line' id='line_1_42' title="bbox 326 4193 2312 4266; baseline -0.002 -12"><span class='ocrx_word' id='word_1_774' title='bbox 326 4199 571 4264; x_wconf 82' lang='grc'>60404-0400440</span> <span class='ocrx_word' id='word_1_775' title='bbox 584 4203 624 4250; x_wconf 86' lang='grc'>004</span> <span class='ocrx_word' id='word_1_776' title='bbox 635 4199 669 4252; x_wconf 88' lang='grc'>04</span> <span class='ocrx_word' id='word_1_777' title='bbox 689 4203 759 4252; x_wconf 84' lang='lat' dir='ltr'>extra</span> <span class='ocrx_word' id='word_1_778' title='bbox 772 4201 798 4252; x_wconf 94' lang='lat' dir='ltr'>in</span> <span class='ocrx_word' id='word_1_779' title='bbox 817 4201 963 4266; x_wconf 88' lang='lat' dir='ltr'>productio·</span> <span class='ocrx_word' id='word_1_780' title='bbox 1002 4203 1018 4254; x_wconf 93' lang='lat' dir='ltr'>l.</span> <span class='ocrx_word' id='word_1_781' title='bbox 1039 4203 1064 4256; x_wconf 93' lang='grc'>4.</span> <span class='ocrx_word' id='word_1_782' title='bbox 1082 4203 1134 4254; x_wconf 89' lang='grc'>995</span> <span class='ocrx_word' id='word_1_783' title='bbox 1154 4193 1214 4254; x_wconf 76' lang='lat' dir='ltr'>fl.</span> <span class='ocrx_word' id='word_1_784' title='bbox 1235 4201 1267 4254; x_wconf 90' lang='lat' dir='ltr'>lV</span> <span class='ocrx_word' id='word_1_785' title='bbox 1286 4201 1338 4254; x_wconf 93' lang='grc'>707</span> <span class='ocrx_word' id='word_1_786' title='bbox 1358 4199 1461 4254; x_wconf 88' lang='grc'>44-04</span> <span class='ocrx_word' id='word_1_787' title='bbox 1480 4215 1638 4266; x_wconf 86' lang='lat' dir='ltr'>cognoscere</span> <span class='ocrx_word' id='word_1_788' title='bbox 1679 4205 1728 4256; x_wconf 91' lang='grc'>496</span> <span class='ocrx_word' id='word_1_789' title='bbox 1747 4203 1785 4256; x_wconf 91' lang='grc'>3*.</span> <span class='ocrx_word' id='word_1_790' title='bbox 1804 4203 1856 4256; x_wconf 89' lang='grc'>558</span> <span class='ocrx_word' id='word_1_791' title='bbox 1874 4199 1913 4254; x_wconf 92' lang='grc'>6*.</span> <span class='ocrx_word' id='word_1_792' title='bbox 1931 4203 1983 4254; x_wconf 93' lang='grc'>090</span> <span class='ocrx_word' id='word_1_793' title='bbox 2001 4199 2040 4254; x_wconf 91' lang='grc'>3*.</span> <span class='ocrx_word' id='word_1_794' title='bbox 2057 4201 2086 4252; x_wconf 92' lang='grc'>444</span> <span class='ocrx_word' id='word_1_795' title='bbox 2106 4199 2157 4252; x_wconf 90' lang='grc'>640</span> <span class='ocrx_word' id='word_1_796' title='bbox 2176 4199 2193 4252; x_wconf 85' lang='grc'>44</span> <span class='ocrx_word' id='word_1_797' title='bbox 2213 4227 2246 4236; x_wconf 83' lang='grc'><strong>-</strong></span> <span class='ocrx_word' id='word_1_798' title='bbox 2265 4199 2312 4250; x_wconf 92' lang='grc'>904</span> 
     </span>
     <span class='ocr_line' id='line_1_43' title="bbox 326 4287 2313 4360; baseline -0.002 -18"><span class='ocrx_word' id='word_1_799' title='bbox 326 4287 482 4342; x_wconf 89' lang='grc'>0004400400</span> <span class='ocrx_word' id='word_1_800' title='bbox 503 4287 582 4342; x_wconf 87' lang='grc'>4345</span> <span class='ocrx_word' id='word_1_801' title='bbox 608 4287 747 4354; x_wconf 89' lang='grc'>3*-004</span> <span class='ocrx_word' id='word_1_802' title='bbox 767 4291 879 4342; x_wconf 87' lang='grc'>4004004</span> <span class='ocrx_word' id='word_1_803' title='bbox 899 4289 964 4342; x_wconf 93' lang='lat' dir='ltr'>mul·</span> <span class='ocrx_word' id='word_1_804' title='bbox 1001 4297 1062 4344; x_wconf 90' lang='lat' dir='ltr'>sunl</span> <span class='ocrx_word' id='word_1_805' title='bbox 1080 4293 1177 4344; x_wconf 89' lang='lat' dir='ltr'>diversi</span> <span class='ocrx_word' id='word_1_806' title='bbox 1196 4295 1268 4344; x_wconf 88' lang='grc'>00400</span> <span class='ocrx_word' id='word_1_807' title='bbox 1287 4297 1313 4344; x_wconf 86' lang='grc'>04</span> <span class='ocrx_word' id='word_1_808' title='bbox 1330 4289 1495 4344; x_wconf 89' lang='lat' dir='ltr'>diversarum</span> <span class='ocrx_word' id='word_1_809' title='bbox 1513 4293 1639 4356; x_wconf 89' lang='lat' dir='ltr'>petentia·</span> <span class='ocrx_word' id='word_1_810' title='bbox 1676 4295 1862 4360; x_wconf 91' lang='lat' dir='ltr'>superomnia</span> <span class='ocrx_word' id='word_1_811' title='bbox 1888 4295 1918 4344; x_wconf 88' lang='lat' dir='ltr'>ut</span> <span class='ocrx_word' id='word_1_812' title='bbox 1943 4299 2031 4344; x_wconf 90' lang='lat' dir='ltr'>motus</span> <span class='ocrx_word' id='word_1_813' title='bbox 2057 4293 2165 4342; x_wconf 89' lang='lat' dir='ltr'>naturae</span> <span class='ocrx_word' id='word_1_814' title='bbox 2182 4289 2313 4342; x_wconf 90' lang='lat' dir='ltr'>institutae</span> 
     </span>
     <span class='ocr_line' id='line_1_44' title="bbox 325 4375 2312 4448; baseline 0.001 -19"><span class='ocrx_word' id='word_1_815' title='bbox 325 4377 501 4442; x_wconf 88' lang='lat' dir='ltr'>tiplicationis,</span> <span class='ocrx_word' id='word_1_816' title='bbox 520 4377 563 4428; x_wconf 93' lang='lat' dir='ltr'>vel</span> <span class='ocrx_word' id='word_1_817' title='bbox 581 4389 630 4440; x_wconf 90' lang='grc'>004</span> <span class='ocrx_word' id='word_1_818' title='bbox 647 4375 758 4428; x_wconf 89' lang='lat' dir='ltr'>modum</span> <span class='ocrx_word' id='word_1_819' title='bbox 773 4377 934 4440; x_wconf 89' lang='lat' dir='ltr'>operationis</span> <span class='ocrx_word' id='word_1_820' title='bbox 945 4379 962 4430; x_wconf 93' lang='lat' dir='ltr'>ll</span> <span class='ocrx_word' id='word_1_821' title='bbox 1002 4395 1074 4448; x_wconf 80' lang='lat' dir='ltr'>rum,</span> <span class='ocrx_word' id='word_1_822' title='bbox 1092 4381 1152 4434; x_wconf 87' lang='lat' dir='ltr'>licet</span> <span class='ocrx_word' id='word_1_823' title='bbox 1171 4377 1316 4432; x_wconf 91' lang='lat' dir='ltr'>secundum</span> <span class='ocrx_word' id='word_1_824' title='bbox 1334 4393 1391 4432; x_wconf 91' lang='grc'>4040</span> <span class='ocrx_word' id='word_1_825' title='bbox 1419 4381 1451 4432; x_wconf 88' lang='grc'>044</span> <span class='ocrx_word' id='word_1_826' title='bbox 1475 4379 1546 4432; x_wconf 87' lang='lat' dir='ltr'>idem</span> <span class='ocrx_word' id='word_1_827' title='bbox 1567 4379 1638 4432; x_wconf 89' lang='lat' dir='ltr'>ebie-</span> <span class='ocrx_word' id='word_1_828' title='bbox 1678 4389 1716 4436; x_wconf 88' lang='lat' dir='ltr'>est</span> <span class='ocrx_word' id='word_1_829' title='bbox 1735 4397 1764 4434; x_wconf 86' lang='grc'>04(</span> <span class='ocrx_word' id='word_1_830' title='bbox 1785 4383 1899 4448; x_wconf 86' lang='lat' dir='ltr'>quadam</span> <span class='ocrx_word' id='word_1_831' title='bbox 1919 4377 2049 4432; x_wconf 88' lang='lat' dir='ltr'>habilitate</span> <span class='ocrx_word' id='word_1_832' title='bbox 2066 4383 2094 4432; x_wconf 87' lang='lat' dir='ltr'>et</span> <span class='ocrx_word' id='word_1_833' title='bbox 2105 4377 2257 4432; x_wconf 89' lang='lat' dir='ltr'>rectitudine</span> <span class='ocrx_word' id='word_1_834' title='bbox 2276 4391 2312 4430; x_wconf 89' lang='lat' dir='ltr'>re·</span> 
     </span>
     <span class='ocr_line' id='line_1_45' title="bbox 326 4461 2312 4536; baseline 0.001 -18"><span class='ocrx_word' id='word_1_835' title='bbox 326 4465 378 4518; x_wconf 87' lang='grc'>964</span> <span class='ocrx_word' id='word_1_836' title='bbox 395 4461 540 4516; x_wconf 80' lang='grc'>3*-0400</span> <span class='ocrx_word' id='word_1_837' title='bbox 555 4465 708 4530; x_wconf 86' lang='lat' dir='ltr'>magnitudo</span> <span class='ocrx_word' id='word_1_838' title='bbox 720 4467 862 4520; x_wconf 89' lang='lat' dir='ltr'>attenditur</span> <span class='ocrx_word' id='word_1_839' title='bbox 875 4481 963 4520; x_wconf 91' lang='lat' dir='ltr'>secun·</span> <span class='ocrx_word' id='word_1_840' title='bbox 1001 4467 1169 4522; x_wconf 87' lang='grc'>0404044504</span> <span class='ocrx_word' id='word_1_841' title='bbox 1194 4465 1638 4534; x_wconf 87' lang='lat' dir='ltr'>3*-maiorest,ubleslmaior</span> <span class='ocrx_word' id='word_1_842' title='bbox 1678 4477 1767 4536; x_wconf 88' lang='grc'>000040</span> <span class='ocrx_word' id='word_1_843' title='bbox 1788 4469 1863 4536; x_wconf 83' lang='lat' dir='ltr'>boni,</span> <span class='ocrx_word' id='word_1_844' title='bbox 1882 4469 1982 4534; x_wconf 89' lang='lat' dir='ltr'>gratiae</span> <span class='ocrx_word' id='word_1_845' title='bbox 1998 4481 2076 4534; x_wconf 91' lang='lat' dir='ltr'>vero,</span> <span class='ocrx_word' id='word_1_846' title='bbox 2093 4467 2312 4534; x_wconf 86' lang='lat' dir='ltr'>quiaeaptivetur</span> 
     </span>
     <span class='ocr_line' id='line_1_46' title="bbox 324 4545 2392 4624; baseline 0.001 -18"><span class='ocrx_word' id='word_1_847' title='bbox 324 4553 389 4606; x_wconf 91' lang='lat' dir='ltr'>dum</span> <span class='ocrx_word' id='word_1_848' title='bbox 406 4553 588 4620; x_wconf 86' lang='lat' dir='ltr'>intensionem,</span> <span class='ocrx_word' id='word_1_849' title='bbox 605 4553 646 4606; x_wconf 91' lang='lat' dir='ltr'>vel</span> <span class='ocrx_word' id='word_1_850' title='bbox 655 4557 832 4608; x_wconf 84' lang='lat' dir='ltr'>extensionem</span> <span class='ocrx_word' id='word_1_851' title='bbox 846 4557 875 4608; x_wconf 96' lang='lat' dir='ltr'>lll</span> <span class='ocrx_word' id='word_1_852' title='bbox 888 4555 921 4608; x_wconf 91' lang='grc'>43</span> <span class='ocrx_word' id='word_1_853' title='bbox 935 4553 963 4608; x_wconf 85' lang='grc'>3*</span> <span class='ocrx_word' id='word_1_854' title='bbox 1002 4559 1131 4624; x_wconf 87' lang='lat' dir='ltr'>cognitio,</span> <span class='ocrx_word' id='word_1_855' title='bbox 1155 4557 1248 4608; x_wconf 89' lang='lat' dir='ltr'>saltem</span> <span class='ocrx_word' id='word_1_856' title='bbox 1271 4557 1298 4608; x_wconf 93' lang='lat' dir='ltr'>in</span> <span class='ocrx_word' id='word_1_857' title='bbox 1322 4557 1404 4622; x_wconf 88' lang='lat' dir='ltr'>gloria</span> <span class='ocrx_word' id='word_1_858' title='bbox 1430 4557 1448 4608; x_wconf 95' lang='lat' dir='ltr'>ll</span> <span class='ocrx_word' id='word_1_859' title='bbox 1474 4557 1524 4608; x_wconf 89' lang='grc'>949</span> <span class='ocrx_word' id='word_1_860' title='bbox 1550 4555 1578 4608; x_wconf 87' lang='grc'>6*</span> <span class='ocrx_word' id='word_1_861' title='bbox 1603 4583 1637 4596; x_wconf 92' lang='lat'><em>-</em></span> <span class='ocrx_word' id='word_1_862' title='bbox 1678 4559 1785 4614; x_wconf 86' lang='grc'>04400400</span> <span class='ocrx_word' id='word_1_863' title='bbox 1803 4561 1827 4610; x_wconf 89' lang='grc'>40</span> <span class='ocrx_word' id='word_1_864' title='bbox 1848 4557 2002 4624; x_wconf 87' lang='lat' dir='ltr'>obsequium</span> <span class='ocrx_word' id='word_1_865' title='bbox 2022 4557 2115 4610; x_wconf 83' lang='lat' dir='ltr'>Christi</span> <span class='ocrx_word' id='word_1_866' title='bbox 2133 4563 2223 4608; x_wconf 87' lang='lat' dir='ltr'>eontra</span> <span class='ocrx_word' id='word_1_867' title='bbox 2241 4561 2310 4608; x_wconf 87' lang='lat' dir='ltr'>natu·</span> <span class='ocrx_word' id='word_1_868' title='bbox 2390 4545 2392 4548; x_wconf 61' lang='grc'><strong>’</strong></span> 
     </span>
     <span class='ocr_line' id='line_1_47' title="bbox 326 4641 2313 4712; baseline 0.002 -18"><span class='ocrx_word' id='word_1_869' title='bbox 326 4671 358 4684; x_wconf 81' lang='lat'><strong>-</strong></span> <span class='ocrx_word' id='word_1_870' title='bbox 373 4641 494 4694; x_wconf 89' lang='lat' dir='ltr'>bonitatis</span> <span class='ocrx_word' id='word_1_871' title='bbox 507 4649 545 4694; x_wconf 88' lang='grc'>004</span> <span class='ocrx_word' id='word_1_872' title='bbox 558 4641 702 4708; x_wconf 89' lang='lat' dir='ltr'>improprie</span> <span class='ocrx_word' id='word_1_873' title='bbox 714 4643 750 4694; x_wconf 89' lang='lat' dir='ltr'>ad</span> <span class='ocrx_word' id='word_1_874' title='bbox 767 4645 846 4708; x_wconf 89' lang='lat' dir='ltr'>intra,</span> <span class='ocrx_word' id='word_1_875' title='bbox 867 4651 894 4702; x_wconf 90' lang='lat' dir='ltr'>ut</span> <span class='ocrx_word' id='word_1_876' title='bbox 906 4659 963 4710; x_wconf 86' lang='grc'>004·</span> <span class='ocrx_word' id='word_1_877' title='bbox 1002 4647 1125 4700; x_wconf 87' lang='grc'>40404040</span> <span class='ocrx_word' id='word_1_878' title='bbox 1151 4647 1326 4710; x_wconf 88' lang='lat' dir='ltr'>cognitionem</span> <span class='ocrx_word' id='word_1_879' title='bbox 1352 4647 1470 4712; x_wconf 88' lang='lat' dir='ltr'>sequitur</span> <span class='ocrx_word' id='word_1_880' title='bbox 1494 4647 1577 4698; x_wconf 89' lang='lat' dir='ltr'>maior</span> <span class='ocrx_word' id='word_1_881' title='bbox 1600 4647 1637 4698; x_wconf 92' lang='lat' dir='ltr'>di·</span> <span class='ocrx_word' id='word_1_882' title='bbox 1677 4649 1757 4702; x_wconf 88' lang='lat' dir='ltr'>ralem</span> <span class='ocrx_word' id='word_1_883' title='bbox 1777 4646 1967 4700; x_wconf 90' lang='lat' dir='ltr'>inclinationem</span> <span class='ocrx_word' id='word_1_884' title='bbox 1986 4647 2004 4698; x_wconf 96' lang='lat' dir='ltr'>ll</span> <span class='ocrx_word' id='word_1_885' title='bbox 2030 4647 2074 4698; x_wconf 90' lang='grc'>490</span> <span class='ocrx_word' id='word_1_886' title='bbox 2095 4641 2123 4698; x_wconf 91' lang='grc'>3*</span> <span class='ocrx_word' id='word_1_887' title='bbox 2135 4671 2172 4684; x_wconf 89' lang='grc'><strong>-</strong></span> <span class='ocrx_word' id='word_1_888' title='bbox 2189 4659 2237 4710; x_wconf 91' lang='grc'>004</span> <span class='ocrx_word' id='word_1_889' title='bbox 2255 4659 2313 4710; x_wconf 86' lang='lat' dir='ltr'>gra-</span> 
     </span>
     <span class='ocr_line' id='line_1_48' title="bbox 325 4731 2311 4802; baseline 0.002 -20"><span class='ocrx_word' id='word_1_890' title='bbox 325 4745 388 4782; x_wconf 89' lang='lat' dir='ltr'>sona</span> <span class='ocrx_word' id='word_1_891' title='bbox 406 4731 532 4794; x_wconf 86' lang='lat' dir='ltr'>procedat</span> <span class='ocrx_word' id='word_1_892' title='bbox 551 4745 566 4782; x_wconf 91' lang='lat' dir='ltr'>a</span> <span class='ocrx_word' id='word_1_893' title='bbox 584 4743 709 4798; x_wconf 88' lang='lat' dir='ltr'>persona,</span> <span class='ocrx_word' id='word_1_894' title='bbox 728 4745 779 4784; x_wconf 93' lang='lat' dir='ltr'>non</span> <span class='ocrx_word' id='word_1_895' title='bbox 800 4733 899 4786; x_wconf 89' lang='lat' dir='ltr'>ratione</span> <span class='ocrx_word' id='word_1_896' title='bbox 918 4733 962 4788; x_wconf 91' lang='lat' dir='ltr'>bo·</span> <span class='ocrx_word' id='word_1_897' title='bbox 1001 4737 1083 4802; x_wconf 90' lang='lat' dir='ltr'>lectio,</span> <span class='ocrx_word' id='word_1_898' title='bbox 1097 4735 1243 4788; x_wconf 89' lang='lat' dir='ltr'>secundum</span> <span class='ocrx_word' id='word_1_899' title='bbox 1262 4733 1332 4800; x_wconf 90' lang='lat' dir='ltr'>quod</span> <span class='ocrx_word' id='word_1_900' title='bbox 1346 4749 1375 4788; x_wconf 90' lang='grc'>00</span> <span class='ocrx_word' id='word_1_901' title='bbox 1385 4739 1454 4788; x_wconf 88' lang='grc'>40004</span> <span class='ocrx_word' id='word_1_902' title='bbox 1464 4749 1497 4788; x_wconf 83' lang='lat' dir='ltr'>ex</span> <span class='ocrx_word' id='word_1_903' title='bbox 1508 4741 1581 4800; x_wconf 87' lang='grc'>00440</span> <span class='ocrx_word' id='word_1_904' title='bbox 1594 4749 1637 4800; x_wconf 92' lang='grc'>00·</span> <span class='ocrx_word' id='word_1_905' title='bbox 1678 4737 1740 4790; x_wconf 89' lang='grc'>44040</span> <span class='ocrx_word' id='word_1_906' title='bbox 1758 4743 1801 4790; x_wconf 88' lang='grc'>004</span> <span class='ocrx_word' id='word_1_907' title='bbox 1817 4737 1929 4790; x_wconf 87' lang='lat' dir='ltr'>nobilior</span> <span class='ocrx_word' id='word_1_908' title='bbox 1940 4749 1993 4788; x_wconf 93' lang='lat' dir='ltr'>non</span> <span class='ocrx_word' id='word_1_909' title='bbox 2011 4735 2097 4786; x_wconf 89' lang='lat' dir='ltr'>solum</span> <span class='ocrx_word' id='word_1_910' title='bbox 2110 4749 2139 4786; x_wconf 86' lang='grc'>04</span> <span class='ocrx_word' id='word_1_911' title='bbox 2154 4743 2227 4798; x_wconf 89' lang='grc'>00440</span> <span class='ocrx_word' id='word_1_912' title='bbox 2239 4733 2311 4786; x_wconf 88' lang='grc'>04044</span> 
     </span>
     <span class='ocr_line' id='line_1_49' title="bbox 325 4819 2311 4892; baseline 0.001 -20"><span class='ocrx_word' id='word_1_913' title='bbox 325 4821 408 4872; x_wconf 87' lang='grc'>0440440</span> <span class='ocrx_word' id='word_1_914' title='bbox 426 4821 566 4884; x_wconf 87' lang='grc'>00000400,</span> <span class='ocrx_word' id='word_1_915' title='bbox 585 4819 633 4872; x_wconf 91' lang='lat' dir='ltr'>sed</span> <span class='ocrx_word' id='word_1_916' title='bbox 645 4819 766 4872; x_wconf 91' lang='lat' dir='ltr'>bonitatis</span> <span class='ocrx_word' id='word_1_917' title='bbox 783 4823 810 4872; x_wconf 95' lang='lat' dir='ltr'>in</span> <span class='ocrx_word' id='word_1_918' title='bbox 828 4823 962 4888; x_wconf 87' lang='lat' dir='ltr'>hypostasi</span> <span class='ocrx_word' id='word_1_919' title='bbox 1001 4827 1093 4878; x_wconf 87' lang='lat' dir='ltr'>tentiae</span> <span class='ocrx_word' id='word_1_920' title='bbox 1119 4821 1339 4890; x_wconf 89' lang='lat' dir='ltr'>concupiscibilis,</span> <span class='ocrx_word' id='word_1_921' title='bbox 1367 4821 1412 4876; x_wconf 91' lang='lat' dir='ltr'>sed</span> <span class='ocrx_word' id='word_1_922' title='bbox 1437 4835 1490 4876; x_wconf 88' lang='lat' dir='ltr'>non</span> <span class='ocrx_word' id='word_1_923' title='bbox 1514 4837 1547 4876; x_wconf 87' lang='lat' dir='ltr'>ex</span> <span class='ocrx_word' id='word_1_924' title='bbox 1564 4831 1637 4888; x_wconf 88' lang='lat' dir='ltr'>parte</span> <span class='ocrx_word' id='word_1_925' title='bbox 1679 4825 1811 4892; x_wconf 88' lang='lat' dir='ltr'>diligendi,</span> <span class='ocrx_word' id='word_1_926' title='bbox 1829 4827 1876 4878; x_wconf 87' lang='grc'>004</span> <span class='ocrx_word' id='word_1_927' title='bbox 1894 4827 1971 4876; x_wconf 87' lang='grc'>0440444</span> <span class='ocrx_word' id='word_1_928' title='bbox 1999 4839 2031 4876; x_wconf 87' lang='grc'>044</span> <span class='ocrx_word' id='word_1_929' title='bbox 2057 4827 2129 4888; x_wconf 89' lang='grc'>00440</span> <span class='ocrx_word' id='word_1_930' title='bbox 2148 4823 2267 4888; x_wconf 87' lang='lat' dir='ltr'>principii</span> <span class='ocrx_word' id='word_1_931' title='bbox 2287 4827 2311 4876; x_wconf 91' lang='lat' dir='ltr'>et</span> 
     </span>
     <span class='ocr_line' id='line_1_50' title="bbox 324 4905 2311 4980; baseline 0.001 -18"><span class='ocrx_word' id='word_1_932' title='bbox 324 4905 400 4962; x_wconf 87' lang='grc'>4345</span> <span class='ocrx_word' id='word_1_933' title='bbox 413 4905 541 4962; x_wconf 85' lang='grc'>3*-004</span> <span class='ocrx_word' id='word_1_934' title='bbox 561 4909 685 4962; x_wconf 89' lang='lat' dir='ltr'>naturalis</span> <span class='ocrx_word' id='word_1_935' title='bbox 697 4911 720 4960; x_wconf 90' lang='lat' dir='ltr'>in</span> <span class='ocrx_word' id='word_1_936' title='bbox 737 4911 790 4962; x_wconf 91' lang='lat' dir='ltr'>lieo</span> <span class='ocrx_word' id='word_1_937' title='bbox 804 4911 892 4978; x_wconf 91' lang='lat' dir='ltr'>quoad</span> <span class='ocrx_word' id='word_1_938' title='bbox 905 4925 963 4976; x_wconf 92' lang='lat' dir='ltr'>pre·</span> <span class='ocrx_word' id='word_1_939' title='bbox 1001 4915 1099 4980; x_wconf 87' lang='lat' dir='ltr'>gratiae</span> <span class='ocrx_word' id='word_1_940' title='bbox 1119 4913 1232 4964; x_wconf 90' lang='lat' dir='ltr'>animam</span> <span class='ocrx_word' id='word_1_941' title='bbox 1252 4911 1377 4964; x_wconf 90' lang='lat' dir='ltr'>elevantis</span> <span class='ocrx_word' id='word_1_942' title='bbox 1394 4911 1414 4962; x_wconf 95' lang='lat' dir='ltr'>ll</span> <span class='ocrx_word' id='word_1_943' title='bbox 1432 4911 1483 4962; x_wconf 91' lang='grc'>708</span> <span class='ocrx_word' id='word_1_944' title='bbox 1504 4909 1635 4966; x_wconf 86' lang='grc'>4*-904</span> <span class='ocrx_word' id='word_1_945' title='bbox 1678 4917 1768 4968; x_wconf 88' lang='lat' dir='ltr'>motivi</span> <span class='ocrx_word' id='word_1_946' title='bbox 1788 4911 1850 4968; x_wconf 87' lang='lat' dir='ltr'>ibid.</span> <span class='ocrx_word' id='word_1_947' title='bbox 1871 4911 1933 4966; x_wconf 87' lang='lat' dir='ltr'>Vide</span> <span class='ocrx_word' id='word_1_948' title='bbox 1948 4911 1978 4964; x_wconf 92' lang='lat' dir='ltr'>V.</span> <span class='ocrx_word' id='word_1_949' title='bbox 1997 4909 2234 4966; x_wconf 77' lang='grc'>04444444040044440</span> <span class='ocrx_word' id='word_1_950' title='bbox 2249 4923 2311 4980; x_wconf 78' lang='lat' dir='ltr'>pru·</span> 
     </span>
     <span class='ocr_line' id='line_1_51' title="bbox 324 4995 2036 5068; baseline 0.004 -18"><span class='ocrx_word' id='word_1_951' title='bbox 324 4997 473 5052; x_wconf 86' lang='lat' dir='ltr'>ductionem</span> <span class='ocrx_word' id='word_1_952' title='bbox 486 5011 666 5064; x_wconf 91' lang='lat' dir='ltr'>personarum,</span> <span class='ocrx_word' id='word_1_953' title='bbox 679 4997 825 5052; x_wconf 88' lang='lat' dir='ltr'>voluntaria</span> <span class='ocrx_word' id='word_1_954' title='bbox 834 5009 860 5054; x_wconf 92' lang='grc'>04</span> <span class='ocrx_word' id='word_1_955' title='bbox 874 5013 924 5052; x_wconf 92' lang='lat' dir='ltr'>non</span> <span class='ocrx_word' id='word_1_956' title='bbox 938 5003 962 5052; x_wconf 92' lang='lat' dir='ltr'>in</span> <span class='ocrx_word' id='word_1_957' title='bbox 1001 5005 1228 5056; x_wconf 88' lang='lat' dir='ltr'>commensuratur</span> <span class='ocrx_word' id='word_1_958' title='bbox 1247 5001 1386 5064; x_wconf 89' lang='lat' dir='ltr'>cognitioni</span> <span class='ocrx_word' id='word_1_959' title='bbox 1400 5015 1451 5052; x_wconf 92' lang='lat' dir='ltr'>non</span> <span class='ocrx_word' id='word_1_960' title='bbox 1467 5001 1635 5068; x_wconf 84' lang='lat' dir='ltr'>cuicumque,</span> <span class='ocrx_word' id='word_1_961' title='bbox 1676 5001 1758 5056; x_wconf 86' lang='lat' dir='ltr'>iuiius</span> <span class='ocrx_word' id='word_1_962' title='bbox 1776 5011 1824 5058; x_wconf 90' lang='grc'>04·</span> <span class='ocrx_word' id='word_1_963' title='bbox 1837 5003 1915 5058; x_wconf 78' lang='lat' dir='ltr'>ucles</span> <span class='ocrx_word' id='word_1_964' title='bbox 1933 4995 1987 5066; x_wconf 83' lang='grc'>(44</span> <span class='ocrx_word' id='word_1_965' title='bbox 2004 5001 2036 5064; x_wconf 84' lang='lat' dir='ltr'>a)</span> 
     </span>
     <span class='ocr_line' id='line_1_52' title="bbox 325 5067 2311 5156; baseline 0.003 -20"><span class='ocrx_word' id='word_1_966' title='bbox 325 5097 429 5136; x_wconf 91' lang='lat' dir='ltr'>summo</span> <span class='ocrx_word' id='word_1_967' title='bbox 449 5085 473 5136; x_wconf 94' lang='lat' dir='ltr'>in</span> <span class='ocrx_word' id='word_1_968' title='bbox 494 5085 664 5150; x_wconf 90' lang='lat' dir='ltr'>productione</span> <span class='ocrx_word' id='word_1_969' title='bbox 685 5097 864 5142; x_wconf 87' lang='lat' dir='ltr'>creaturarum</span> <span class='ocrx_word' id='word_1_970' title='bbox 884 5067 892 5142; x_wconf 82' lang='grc'>4</span> <span class='ocrx_word' id='word_1_971' title='bbox 910 5087 963 5144; x_wconf 90' lang='grc'>785</span> <span class='ocrx_word' id='word_1_972' title='bbox 1001 5091 1048 5144; x_wconf 91' lang='lat' dir='ltr'>sed</span> <span class='ocrx_word' id='word_1_973' title='bbox 1067 5091 1260 5156; x_wconf 81' lang='lat' dir='ltr'>experimentali</span> <span class='ocrx_word' id='word_1_974' title='bbox 1280 5087 1340 5142; x_wconf 89' lang='lat' dir='ltr'>ibid.</span> <span class='ocrx_word' id='word_1_975' title='bbox 1571 5123 1574 5130; x_wconf 84' lang='lat'><strong>·</strong></span> <span class='ocrx_word' id='word_1_976' title='bbox 1727 5091 1762 5130; x_wconf 78' lang='lat'>-‘</span> <span class='ocrx_word' id='word_1_977' title='bbox 1782 5091 1906 5156; x_wconf 86' lang='lat' dir='ltr'>acquisita</span> <span class='ocrx_word' id='word_1_978' title='bbox 1926 5103 1974 5154; x_wconf 89' lang='lat' dir='ltr'>per</span> <span class='ocrx_word' id='word_1_979' title='bbox 1991 5087 2311 5142; x_wconf 86' lang='grc'>0000040044000404004404</span> 
     </span>
     <span class='ocr_line' id='line_1_53' title="bbox 326 5169 2310 5244; baseline 0.001 -18"><span class='ocrx_word' id='word_1_980' title='bbox 326 5171 352 5226; x_wconf 89' lang='grc'>4*</span> <span class='ocrx_word' id='word_1_981' title='bbox 376 5169 438 5226; x_wconf 86' lang='lat' dir='ltr'>Vide</span> <span class='ocrx_word' id='word_1_982' title='bbox 460 5171 489 5226; x_wconf 92' lang='lat' dir='ltr'>V.</span> <span class='ocrx_word' id='word_1_983' title='bbox 509 5173 667 5228; x_wconf 84' lang='grc'>4404444440-</span> <span class='ocrx_word' id='word_1_984' title='bbox 686 5175 721 5226; x_wconf 92' lang='grc'>90</span> <span class='ocrx_word' id='word_1_985' title='bbox 742 5175 881 5232; x_wconf 87' lang='lat' dir='ltr'>diffusione</span> <span class='ocrx_word' id='word_1_986' title='bbox 898 5177 963 5232; x_wconf 89' lang='lat' dir='ltr'>lucis</span> <span class='ocrx_word' id='word_1_987' title='bbox 1053 5207 1088 5220; x_wconf 86' lang='lat'><em>-</em></span> <span class='ocrx_word' id='word_1_988' title='bbox 1111 5177 1223 5242; x_wconf 87' lang='lat' dir='ltr'>Diligere</span> <span class='ocrx_word' id='word_1_989' title='bbox 1241 5177 1311 5230; x_wconf 87' lang='lat' dir='ltr'>idem</span> <span class='ocrx_word' id='word_1_990' title='bbox 1335 5181 1387 5244; x_wconf 89' lang='lat' dir='ltr'>est,</span> <span class='ocrx_word' id='word_1_991' title='bbox 1409 5177 1482 5244; x_wconf 89' lang='lat' dir='ltr'>quod</span> <span class='ocrx_word' id='word_1_992' title='bbox 1505 5179 1572 5230; x_wconf 89' lang='lat' dir='ltr'>velle</span> <span class='ocrx_word' id='word_1_993' title='bbox 1591 5177 1637 5232; x_wconf 91' lang='lat' dir='ltr'>bo·</span> <span class='ocrx_word' id='word_1_994' title='bbox 1676 5179 1889 5244; x_wconf 85' lang='grc' dir='ltr'>00400000οῑ04</span> <span class='ocrx_word' id='word_1_995' title='bbox 1910 5179 1959 5230; x_wconf 91' lang='grc'>999</span> <span class='ocrx_word' id='word_1_996' title='bbox 1981 5175 2123 5244; x_wconf 88' lang='lat' dir='ltr'>b-Dei,</span> <span class='ocrx_word' id='word_1_997' title='bbox 2143 5189 2310 5244; x_wconf 83' lang='lat' dir='ltr'>quaerema-</span> 
     </span>
     <span class='ocr_line' id='line_1_54' title="bbox 325 5259 2313 5334; baseline 0.002 -20"><span class='ocrx_word' id='word_1_998' title='bbox 325 5261 408 5314; x_wconf 88' lang='grc'>4063</span> <span class='ocrx_word' id='word_1_999' title='bbox 436 5259 471 5314; x_wconf 85' lang='grc'>4*.</span> <span class='ocrx_word' id='word_1_1000' title='bbox 493 5263 512 5315; x_wconf 93' lang='grc'>44</span> <span class='ocrx_word' id='word_1_1001' title='bbox 534 5261 585 5316; x_wconf 89' lang='grc'>904</span> <span class='ocrx_word' id='word_1_1002' title='bbox 605 5261 644 5316; x_wconf 86' lang='grc'>3*.</span> <span class='ocrx_word' id='word_1_1003' title='bbox 661 5265 714 5316; x_wconf 88' lang='grc'>395</span> <span class='ocrx_word' id='word_1_1004' title='bbox 739 5263 776 5318; x_wconf 90' lang='grc'>4*.</span> <span class='ocrx_word' id='word_1_1005' title='bbox 802 5265 852 5318; x_wconf 88' lang='grc'>349</span> <span class='ocrx_word' id='word_1_1006' title='bbox 880 5265 906 5318; x_wconf 89' lang='grc'>3*</span> <span class='ocrx_word' id='word_1_1007' title='bbox 928 5294 963 5308; x_wconf 86' lang='grc'>-</span> <span class='ocrx_word' id='word_1_1008' title='bbox 1002 5283 1065 5320; x_wconf 92' lang='lat' dir='ltr'>num</span> <span class='ocrx_word' id='word_1_1009' title='bbox 1078 5265 1253 5322; x_wconf 89' lang='grc'>0440044557</span> <span class='ocrx_word' id='word_1_1010' title='bbox 1271 5281 1327 5332; x_wconf 90' lang='lat' dir='ltr'>arg.</span> <span class='ocrx_word' id='word_1_1011' title='bbox 1340 5267 1409 5318; x_wconf 91' lang='lat' dir='ltr'>l.lll</span> <span class='ocrx_word' id='word_1_1012' title='bbox 1430 5265 1482 5318; x_wconf 89' lang='grc'>594</span> <span class='ocrx_word' id='word_1_1013' title='bbox 1500 5265 1525 5318; x_wconf 93' lang='lat' dir='ltr'>b.</span> <span class='ocrx_word' id='word_1_1014' title='bbox 1547 5267 1596 5318; x_wconf 93' lang='grc'>608</span> <span class='ocrx_word' id='word_1_1015' title='bbox 1612 5267 1636 5320; x_wconf 89' lang='lat' dir='ltr'>b.</span> <span class='ocrx_word' id='word_1_1016' title='bbox 1677 5275 1718 5322; x_wconf 88' lang='grc'>004</span> <span class='ocrx_word' id='word_1_1017' title='bbox 1738 5271 1762 5320; x_wconf 91' lang='grc'>444</span> <span class='ocrx_word' id='word_1_1018' title='bbox 1784 5277 1935 5334; x_wconf 87' lang='grc'>000004040,</span> <span class='ocrx_word' id='word_1_1019' title='bbox 1955 5279 2007 5318; x_wconf 90' lang='grc'>000</span> <span class='ocrx_word' id='word_1_1020' title='bbox 2028 5265 2313 5318; x_wconf 87' lang='lat' dir='ltr'>habetratienemvir·</span> 
     </span>
     <span class='ocr_line' id='line_1_55' title="bbox 325 5349 2311 5424; baseline 0.001 -20"><span class='ocrx_word' id='word_1_1021' title='bbox 325 5355 404 5404; x_wconf 83' lang='lat' dir='ltr'>almer</span> <span class='ocrx_word' id='word_1_1022' title='bbox 422 5349 585 5418; x_wconf 83' lang='lat' dir='ltr'>diffunditur,</span> <span class='ocrx_word' id='word_1_1023' title='bbox 607 5365 668 5406; x_wconf 93' lang='lat' dir='ltr'>cum</span> <span class='ocrx_word' id='word_1_1024' title='bbox 689 5353 775 5406; x_wconf 90' lang='grc'>4440404</span> <span class='ocrx_word' id='word_1_1025' title='bbox 788 5355 910 5408; x_wconf 87' lang='lat' dir='ltr'>affectum</span> <span class='ocrx_word' id='word_1_1026' title='bbox 930 5357 962 5410; x_wconf 92' lang='lat' dir='ltr'>ad</span> <span class='ocrx_word' id='word_1_1027' title='bbox 1002 5357 1047 5410; x_wconf 89' lang='grc'>034</span> <span class='ocrx_word' id='word_1_1028' title='bbox 1073 5355 1110 5410; x_wconf 87' lang='grc'>9*.</span> <span class='ocrx_word' id='word_1_1029' title='bbox 1130 5355 1218 5406; x_wconf 84' lang='grc'>63944</span> <span class='ocrx_word' id='word_1_1030' title='bbox 1238 5355 1352 5408; x_wconf 87' lang='lat' dir='ltr'>-dicit</span> <span class='ocrx_word' id='word_1_1031' title='bbox 1375 5355 1553 5410; x_wconf 88' lang='lat' dir='ltr'>liberalitatem</span> <span class='ocrx_word' id='word_1_1032' title='bbox 1577 5357 1637 5408; x_wconf 89' lang='lat' dir='ltr'>alic-</span> <span class='ocrx_word' id='word_1_1033' title='bbox 1676 5359 1749 5424; x_wconf 84' lang='lat' dir='ltr'>tutis,</span> <span class='ocrx_word' id='word_1_1034' title='bbox 1775 5371 1823 5410; x_wconf 87' lang='lat' dir='ltr'>neo</span> <span class='ocrx_word' id='word_1_1035' title='bbox 1852 5355 1930 5408; x_wconf 91' lang='lat' dir='ltr'>habet</span> <span class='ocrx_word' id='word_1_1036' title='bbox 1959 5361 2047 5406; x_wconf 91' lang='lat' dir='ltr'>actum</span> <span class='ocrx_word' id='word_1_1037' title='bbox 2073 5355 2219 5418; x_wconf 87' lang='lat' dir='ltr'>perfectum</span> <span class='ocrx_word' id='word_1_1038' title='bbox 2243 5355 2311 5406; x_wconf 87' lang='lat' dir='ltr'>circa</span> 
     </span>
     <span class='ocr_line' id='line_1_56' title="bbox 324 5439 2311 5508; baseline 0.001 -14"><span class='ocrx_word' id='word_1_1039' title='bbox 324 5439 487 5494; x_wconf 88' lang='lat' dir='ltr'>dilectionem</span> <span class='ocrx_word' id='word_1_1040' title='bbox 507 5441 649 5494; x_wconf 88' lang='lat' dir='ltr'>mullorum</span> <span class='ocrx_word' id='word_1_1041' title='bbox 669 5443 677 5492; x_wconf 97' lang='lat' dir='ltr'>l</span> <span class='ocrx_word' id='word_1_1042' title='bbox 698 5443 750 5496; x_wconf 91' lang='grc'>955</span> <span class='ocrx_word' id='word_1_1043' title='bbox 770 5442 830 5496; x_wconf 82' lang='lat' dir='ltr'>de</span> <span class='ocrx_word' id='word_1_1044' title='bbox 1001 5447 1092 5498; x_wconf 89' lang='lat' dir='ltr'>ctionis</span> <span class='ocrx_word' id='word_1_1045' title='bbox 1117 5457 1143 5496; x_wconf 90' lang='lat' dir='ltr'>se</span> <span class='ocrx_word' id='word_1_1046' title='bbox 1166 5445 1252 5508; x_wconf 88' lang='lat' dir='ltr'>ipsam</span> <span class='ocrx_word' id='word_1_1047' title='bbox 1275 5445 1347 5496; x_wconf 90' lang='lat' dir='ltr'>alteri</span> <span class='ocrx_word' id='word_1_1048' title='bbox 1376 5445 1590 5498; x_wconf 83' lang='lat' dir='ltr'>cenamunicantls</span> <span class='ocrx_word' id='word_1_1049' title='bbox 1610 5445 1638 5496; x_wconf 95' lang='lat' dir='ltr'>lll</span> <span class='ocrx_word' id='word_1_1050' title='bbox 1676 5459 1753 5498; x_wconf 88' lang='lat' dir='ltr'>suurn</span> <span class='ocrx_word' id='word_1_1051' title='bbox 1772 5445 1906 5498; x_wconf 91' lang='lat' dir='ltr'>obiectum</span> <span class='ocrx_word' id='word_1_1052' title='bbox 1926 5445 1952 5496; x_wconf 97' lang='lat' dir='ltr'>lll</span> <span class='ocrx_word' id='word_1_1053' title='bbox 1972 5443 2016 5494; x_wconf 94' lang='grc'>604</span> <span class='ocrx_word' id='word_1_1054' title='bbox 2045 5439 2155 5494; x_wconf 85' lang='grc'>4*··-40</span> <span class='ocrx_word' id='word_1_1055' title='bbox 2175 5449 2311 5508; x_wconf 89' lang='grc'>000004040</span> 
     </span>
    </p>

    <p class='ocr_par' dir='ltr' id='par_1_8' title="bbox 326 5529 2312 5688">
     <span class='ocr_line' id='line_1_57' title="bbox 378 5529 2312 5598; baseline 0.002 -18"><span class='ocrx_word' id='word_1_1056' title='bbox 378 5529 479 5582; x_wconf 88' lang='grc'>9404400</span> <span class='ocrx_word' id='word_1_1057' title='bbox 500 5559 534 5570; x_wconf 84' lang='lat'><em>-</em></span> <span class='ocrx_word' id='word_1_1058' title='bbox 559 5529 605 5582; x_wconf 90' lang='grc'>904</span> <span class='ocrx_word' id='word_1_1059' title='bbox 632 5535 670 5584; x_wconf 90' lang='grc'>004</span> <span class='ocrx_word' id='word_1_1060' title='bbox 696 5533 808 5596; x_wconf 86' lang='lat' dir='ltr'>spiritus</span> <span class='ocrx_word' id='word_1_1061' title='bbox 830 5534 962 5588; x_wconf 89' lang='lat' dir='ltr'>sanctusl</span> <span class='ocrx_word' id='word_1_1062' title='bbox 1001 5533 1350 5598; x_wconf 87' lang='grc'>69844-94440040400040</span> <span class='ocrx_word' id='word_1_1063' title='bbox 1364 5535 1476 5598; x_wconf 87' lang='lat' dir='ltr'>aliquem</span> <span class='ocrx_word' id='word_1_1064' title='bbox 1490 5535 1638 5586; x_wconf 87' lang='grc'>0044044000</span> <span class='ocrx_word' id='word_1_1065' title='bbox 1677 5547 1775 5586; x_wconf 88' lang='grc'>00000</span> <span class='ocrx_word' id='word_1_1066' title='bbox 1796 5531 1908 5586; x_wconf 87' lang='lat' dir='ltr'>exlendit</span> <span class='ocrx_word' id='word_1_1067' title='bbox 1931 5531 1964 5584; x_wconf 90' lang='lat' dir='ltr'>ad</span> <span class='ocrx_word' id='word_1_1068' title='bbox 1991 5533 2076 5582; x_wconf 90' lang='lat' dir='ltr'>omnia</span> <span class='ocrx_word' id='word_1_1069' title='bbox 2097 5529 2242 5598; x_wconf 86' lang='lat' dir='ltr'>diligendo,</span> <span class='ocrx_word' id='word_1_1070' title='bbox 2262 5545 2312 5584; x_wconf 94' lang='lat' dir='ltr'>nec</span> 
     </span>
     <span class='ocr_line' id='line_1_58' title="bbox 326 5617 2312 5688; baseline 0 -18"><span class='ocrx_word' id='word_1_1071' title='bbox 326 5617 377 5670; x_wconf 89' lang='grc'>595</span> <span class='ocrx_word' id='word_1_1072' title='bbox 396 5617 420 5670; x_wconf 87' lang='grc'>4.</span> <span class='ocrx_word' id='word_1_1073' title='bbox 443 5621 458 5670; x_wconf 89' lang='grc'>9</span> <span class='ocrx_word' id='word_1_1074' title='bbox 1001 5623 1063 5676; x_wconf 92' lang='lat' dir='ltr'>boni</span> <span class='ocrx_word' id='word_1_1075' title='bbox 1076 5621 1168 5688; x_wconf 89' lang='lat' dir='ltr'>optati,</span> <span class='ocrx_word' id='word_1_1076' title='bbox 1182 5621 1222 5672; x_wconf 92' lang='lat' dir='ltr'>vel</span> <span class='ocrx_word' id='word_1_1077' title='bbox 1239 5619 1345 5672; x_wconf 89' lang='grc'>04400400</span> <span class='ocrx_word' id='word_1_1078' title='bbox 1359 5621 1464 5682; x_wconf 90' lang='grc'>4040004,</span> <span class='ocrx_word' id='word_1_1079' title='bbox 1479 5621 1519 5672; x_wconf 85' lang='lat' dir='ltr'>vel</span> <span class='ocrx_word' id='word_1_1080' title='bbox 1532 5623 1638 5674; x_wconf 84' lang='lat' dir='ltr'>effectus</span> <span class='ocrx_word' id='word_1_1081' title='bbox 1676 5623 1788 5676; x_wconf 79' lang='lat' dir='ltr'>excludit</span> <span class='ocrx_word' id='word_1_1082' title='bbox 1807 5635 1924 5676; x_wconf 88' lang='lat' dir='ltr'>amorem</span> <span class='ocrx_word' id='word_1_1083' title='bbox 1950 5619 2119 5672; x_wconf 89' lang='lat' dir='ltr'>libidinosum</span> <span class='ocrx_word' id='word_1_1084' title='bbox 2137 5619 2187 5672; x_wconf 90' lang='lat' dir='ltr'>sibi</span> <span class='ocrx_word' id='word_1_1085' title='bbox 2204 5621 2312 5686; x_wconf 91' lang='lat' dir='ltr'>opposi-</span> 
     </span>
    </p>

    <p class='ocr_par' dir='ltr' id='par_1_9' title="bbox 324 5705 2311 6040">
     <span class='ocr_line' id='line_1_59' title="bbox 378 5705 2311 5780; baseline 0.003 -24"><span class='ocrx_word' id='word_1_1086' title='bbox 378 5705 495 5758; x_wconf 84' lang='grc'>94004440</span> <span class='ocrx_word' id='word_1_1087' title='bbox 515 5735 547 5744; x_wconf 84' lang='grc'>·-</span> <span class='ocrx_word' id='word_1_1088' title='bbox 570 5711 655 5762; x_wconf 91' lang='lat' dir='ltr'>omnis</span> <span class='ocrx_word' id='word_1_1089' title='bbox 674 5713 761 5762; x_wconf 86' lang='lat' dir='ltr'>creata</span> <span class='ocrx_word' id='word_1_1090' title='bbox 782 5711 906 5762; x_wconf 89' lang='grc'>00440440</span> <span class='ocrx_word' id='word_1_1091' title='bbox 927 5711 963 5764; x_wconf 92' lang='lat' dir='ltr'>di·</span> <span class='ocrx_word' id='word_1_1092' title='bbox 1000 5713 1112 5778; x_wconf 89' lang='lat' dir='ltr'>impensi</span> <span class='ocrx_word' id='word_1_1093' title='bbox 1136 5715 1244 5780; x_wconf 88' lang='lat' dir='ltr'>propter</span> <span class='ocrx_word' id='word_1_1094' title='bbox 1271 5711 1396 5762; x_wconf 90' lang='lat' dir='ltr'>maiorem</span> <span class='ocrx_word' id='word_1_1095' title='bbox 1426 5709 1593 5776; x_wconf 89' lang='lat' dir='ltr'>indigentiam</span> <span class='ocrx_word' id='word_1_1096' title='bbox 1620 5711 1637 5763; x_wconf 97' lang='lat' dir='ltr'>ll</span> <span class='ocrx_word' id='word_1_1097' title='bbox 1677 5717 1732 5766; x_wconf 90' lang='lat' dir='ltr'>lum</span> <span class='ocrx_word' id='word_1_1098' title='bbox 1751 5709 1784 5764; x_wconf 88' lang='lat' dir='ltr'>ib.</span> <span class='ocrx_word' id='word_1_1099' title='bbox 1805 5709 1832 5764; x_wconf 88' lang='grc'>9*</span> <span class='ocrx_word' id='word_1_1100' title='bbox 1850 5737 1886 5750; x_wconf 89' lang='grc'><strong>-</strong></span> <span class='ocrx_word' id='word_1_1101' title='bbox 1905 5709 2036 5774; x_wconf 85' lang='lat' dir='ltr'>quaedam</span> <span class='ocrx_word' id='word_1_1102' title='bbox 2055 5709 2207 5760; x_wconf 88' lang='lat' dir='ltr'>remanetin</span> <span class='ocrx_word' id='word_1_1103' title='bbox 2222 5721 2311 5776; x_wconf 89' lang='lat' dir='ltr'>pecca·</span> 
     </span>
     <span class='ocr_line' id='line_1_60' title="bbox 324 5783 2311 5868; baseline 0.002 -22"><span class='ocrx_word' id='word_1_1104' title='bbox 324 5795 450 5862; x_wconf 91' lang='lat' dir='ltr'>gnitatem</span> <span class='ocrx_word' id='word_1_1105' title='bbox 467 5807 600 5850; x_wconf 86' lang='grc'>0040400444</span> <span class='ocrx_word' id='word_1_1106' title='bbox 620 5799 666 5850; x_wconf 89' lang='grc'>904</span> <span class='ocrx_word' id='word_1_1107' title='bbox 686 5803 711 5850; x_wconf 90' lang='grc'>04</span> <span class='ocrx_word' id='word_1_1108' title='bbox 729 5803 837 5864; x_wconf 88' lang='grc'>0400404</span> <span class='ocrx_word' id='word_1_1109' title='bbox 855 5799 925 5852; x_wconf 90' lang='grc'>444040</span> <span class='ocrx_word' id='word_1_1110' title='bbox 945 5801 962 5852; x_wconf 93' lang='grc'>44</span> <span class='ocrx_word' id='word_1_1111' title='bbox 1003 5801 1137 5868; x_wconf 76' lang='grc'>4974400.</span> <span class='ocrx_word' id='word_1_1112' title='bbox 1155 5825 1192 5838; x_wconf 88' lang='grc'>-</span> <span class='ocrx_word' id='word_1_1113' title='bbox 1209 5803 1250 5850; x_wconf 88' lang='grc'>004</span> <span class='ocrx_word' id='word_1_1114' title='bbox 1268 5799 1415 5850; x_wconf 90' lang='lat' dir='ltr'>aifectuvel</span> <span class='ocrx_word' id='word_1_1115' title='bbox 1434 5799 1524 5852; x_wconf 89' lang='lat' dir='ltr'>effectu</span> <span class='ocrx_word' id='word_1_1116' title='bbox 1546 5799 1637 5852; x_wconf 90' lang='grc'>444648</span> <span class='ocrx_word' id='word_1_1117' title='bbox 1676 5799 1776 5852; x_wconf 90' lang='lat' dir='ltr'>toribus</span> <span class='ocrx_word' id='word_1_1118' title='bbox 1800 5783 1974 5850; x_wconf 87' lang='lat' dir='ltr'>communiter</span> <span class='ocrx_word' id='word_1_1119' title='bbox 2001 5803 2029 5850; x_wconf 89' lang='grc'>04</span> <span class='ocrx_word' id='word_1_1120' title='bbox 2057 5797 2190 5864; x_wconf 89' lang='lat' dir='ltr'>quoddam</span> <span class='ocrx_word' id='word_1_1121' title='bbox 2216 5797 2311 5850; x_wconf 86' lang='grc'>0444440</span> 
     </span>
     <span class='ocr_line' id='line_1_61' title="bbox 326 5877 2310 5954; baseline 0.002 -20"><span class='ocrx_word' id='word_1_1122' title='bbox 326 5883 372 5934; x_wconf 92' lang='grc'>644</span> <span class='ocrx_word' id='word_1_1123' title='bbox 398 5877 546 5946; x_wconf 83' lang='grc'>0--00044</span> <span class='ocrx_word' id='word_1_1124' title='bbox 566 5884 662 5952; x_wconf 89' lang='lat' dir='ltr'>aliquid</span> <span class='ocrx_word' id='word_1_1125' title='bbox 682 5889 708 5938; x_wconf 94' lang='lat' dir='ltr'>in</span> <span class='ocrx_word' id='word_1_1126' title='bbox 726 5901 771 5952; x_wconf 85' lang='grc' dir='ltr'>οο,</span> <span class='ocrx_word' id='word_1_1127' title='bbox 800 5889 826 5940; x_wconf 88' lang='grc'>40</span> <span class='ocrx_word' id='word_1_1128' title='bbox 850 5901 903 5954; x_wconf 90' lang='lat' dir='ltr'>quo</span> <span class='ocrx_word' id='word_1_1129' title='bbox 923 5897 962 5942; x_wconf 89' lang='lat' dir='ltr'>est</span> <span class='ocrx_word' id='word_1_1130' title='bbox 1000 5885 1024 5938; x_wconf 87' lang='lat' dir='ltr'>d.</span> <span class='ocrx_word' id='word_1_1131' title='bbox 1046 5887 1071 5938; x_wconf 88' lang='lat'>3.</span> <span class='ocrx_word' id='word_1_1132' title='bbox 1095 5883 1146 5936; x_wconf 88' lang='grc'>007</span> <span class='ocrx_word' id='word_1_1133' title='bbox 1170 5899 1186 5936; x_wconf 88' lang='grc'>0</span> <span class='ocrx_word' id='word_1_1134' title='bbox 1207 5911 1243 5922; x_wconf 90' lang='lat'>-</span> <span class='ocrx_word' id='word_1_1135' title='bbox 1260 5879 1372 5948; x_wconf 83' lang='grc'>94440040</span> <span class='ocrx_word' id='word_1_1136' title='bbox 1388 5885 1481 5938; x_wconf 86' lang='lat' dir='ltr'>effectu</span> <span class='ocrx_word' id='word_1_1137' title='bbox 1505 5895 1545 5940; x_wconf 87' lang='lat' dir='ltr'>est</span> <span class='ocrx_word' id='word_1_1138' title='bbox 1568 5899 1637 5938; x_wconf 89' lang='lat' dir='ltr'>com·</span> <span class='ocrx_word' id='word_1_1139' title='bbox 1676 5889 1743 5940; x_wconf 84' lang='lat' dir='ltr'>riunt</span> <span class='ocrx_word' id='word_1_1140' title='bbox 1772 5883 1997 5952; x_wconf 89' lang='lat' dir='ltr'>concupiscibilis,</span> <span class='ocrx_word' id='word_1_1141' title='bbox 2024 5885 2071 5938; x_wconf 91' lang='lat' dir='ltr'>sed</span> <span class='ocrx_word' id='word_1_1142' title='bbox 2099 5899 2151 5938; x_wconf 92' lang='lat' dir='ltr'>non</span> <span class='ocrx_word' id='word_1_1143' title='bbox 2176 5889 2203 5938; x_wconf 92' lang='lat' dir='ltr'>ut</span> <span class='ocrx_word' id='word_1_1144' title='bbox 2228 5887 2310 5938; x_wconf 89' lang='lat' dir='ltr'>virtus</span> 
     </span>
     <span class='ocr_line' id='line_1_62' title="bbox 325 5969 1920 6040; baseline 0 -15"><span class='ocrx_word' id='word_1_1145' title='bbox 325 5971 412 6025; x_wconf 90' lang='grc'>44630</span> <span class='ocrx_word' id='word_1_1146' title='bbox 432 5971 451 6022; x_wconf 93' lang='lat' dir='ltr'>f.</span> <span class='ocrx_word' id='word_1_1147' title='bbox 470 5969 485 6022; x_wconf 87' lang='grc'>3</span> <span class='ocrx_word' id='word_1_1148' title='bbox 510 5969 574 6024; x_wconf 87' lang='lat' dir='ltr'>Vide</span> <span class='ocrx_word' id='word_1_1149' title='bbox 593 5973 624 6024; x_wconf 94' lang='lat' dir='ltr'>V.</span> <span class='ocrx_word' id='word_1_1150' title='bbox 642 5973 757 6030; x_wconf 81' lang='grc'>40404440</span> <span class='ocrx_word' id='word_1_1151' title='bbox 1000 5977 1134 6028; x_wconf 83' lang='lat' dir='ltr'>manicare</span> <span class='ocrx_word' id='word_1_1152' title='bbox 1145 5973 1278 6040; x_wconf 88' lang='lat' dir='ltr'>effectum,</span> <span class='ocrx_word' id='word_1_1153' title='bbox 1300 5973 1344 6040; x_wconf 89' lang='lat' dir='ltr'>qui</span> <span class='ocrx_word' id='word_1_1154' title='bbox 1364 5977 1448 6038; x_wconf 89' lang='lat' dir='ltr'>potest</span> <span class='ocrx_word' id='word_1_1155' title='bbox 1460 5975 1592 6028; x_wconf 89' lang='lat' dir='ltr'>conuolari</span> <span class='ocrx_word' id='word_1_1156' title='bbox 1612 5975 1636 6026; x_wconf 94' lang='lat' dir='ltr'>in</span> <span class='ocrx_word' id='word_1_1157' title='bbox 1675 5975 1818 6038; x_wconf 89' lang='lat' dir='ltr'>theologica</span> <span class='ocrx_word' id='word_1_1158' title='bbox 1836 5971 1872 6028; x_wconf 87' lang='lat' dir='ltr'>t&#39;b.</span> <span class='ocrx_word' id='word_1_1159' title='bbox 1889 5971 1920 6024; x_wconf 88' lang='grc'>5*</span> 
     </span>
    </p>

    <p class='ocr_par' dir='ltr' id='par_1_10' title="bbox 375 6057 2311 6136">
     <span class='ocr_line' id='line_1_63' title="bbox 375 6057 2311 6136; baseline -0.001 -22"><span class='ocrx_word' id='word_1_1160' title='bbox 375 6087 411 6100; x_wconf 96' lang='grc'>-</span> <span class='ocrx_word' id='word_1_1161' title='bbox 430 6061 528 6114; x_wconf 87' lang='grc'>0044440</span> <span class='ocrx_word' id='word_1_1162' title='bbox 547 6073 629 6126; x_wconf 88' lang='lat' dir='ltr'>quam</span> <span class='ocrx_word' id='word_1_1163' title='bbox 647 6065 761 6130; x_wconf 88' lang='lat' dir='ltr'>quisque</span> <span class='ocrx_word' id='word_1_1164' title='bbox 778 6065 874 6130; x_wconf 86' lang='lat' dir='ltr'>probat</span> <span class='ocrx_word' id='word_1_1165' title='bbox 892 6067 962 6120; x_wconf 88' lang='lat' dir='ltr'>audi·</span> <span class='ocrx_word' id='word_1_1166' title='bbox 1000 6069 1073 6132; x_wconf 89' lang='lat' dir='ltr'>actu,</span> <span class='ocrx_word' id='word_1_1167' title='bbox 1097 6063 1140 6136; x_wconf 88' lang='lat' dir='ltr'>vel</span> <span class='ocrx_word' id='word_1_1168' title='bbox 1157 6063 1185 6114; x_wconf 93' lang='lat' dir='ltr'>in</span> <span class='ocrx_word' id='word_1_1169' title='bbox 1203 6063 1293 6114; x_wconf 90' lang='lat' dir='ltr'>habitu</span> <span class='ocrx_word' id='word_1_1170' title='bbox 1313 6063 1341 6114; x_wconf 97' lang='lat' dir='ltr'>lll</span> <span class='ocrx_word' id='word_1_1171' title='bbox 1361 6063 1410 6114; x_wconf 89' lang='grc'>699</span> <span class='ocrx_word' id='word_1_1172' title='bbox 1432 6061 1460 6114; x_wconf 89' lang='grc'>3*</span> <span class='ocrx_word' id='word_1_1173' title='bbox 1477 6091 1512 6102; x_wconf 93' lang='grc'><strong>-</strong></span> <span class='ocrx_word' id='word_1_1174' title='bbox 1530 6063 1637 6116; x_wconf 90' lang='lat' dir='ltr'>allectus</span> <span class='ocrx_word' id='word_1_1175' title='bbox 1727 6093 1760 6102; x_wconf 88' lang='lat'>—</span> <span class='ocrx_word' id='word_1_1176' title='bbox 1778 6063 1929 6118; x_wconf 91' lang='lat' dir='ltr'>immediate</span> <span class='ocrx_word' id='word_1_1177' title='bbox 1946 6063 2026 6118; x_wconf 87' lang='grc'>404404</span> <span class='ocrx_word' id='word_1_1178' title='bbox 2045 6065 2070 6114; x_wconf 91' lang='grc'>40</span> <span class='ocrx_word' id='word_1_1179' title='bbox 2089 6063 2202 6114; x_wconf 87' lang='grc'>9000444</span> <span class='ocrx_word' id='word_1_1180' title='bbox 2216 6059 2268 6114; x_wconf 89' lang='grc'>545</span> <span class='ocrx_word' id='word_1_1181' title='bbox 2283 6057 2311 6112; x_wconf 89' lang='grc'>4*</span> 
     </span>
    </p>
   </div>
   <div class='ocr_carea' id='block_1_7' title="bbox 323 6147 2421 6228">
    <p class='ocr_par' dir='ltr' id='par_1_11' title="bbox 323 6147 2421 6228">
     <span class='ocr_line' id='line_1_64' title="bbox 323 6147 2421 6228; baseline -0 -26"><span class='ocrx_word' id='word_1_1182' title='bbox 323 6147 376 6202; x_wconf 88' lang='grc'>4040</span> <span class='ocrx_word' id='word_1_1183' title='bbox 395 6149 414 6202; x_wconf 92' lang='grc'>44</span> <span class='ocrx_word' id='word_1_1184' title='bbox 433 6149 482 6202; x_wconf 89' lang='grc'>903</span> <span class='ocrx_word' id='word_1_1185' title='bbox 505 6147 664 6216; x_wconf 89' lang='lat' dir='ltr'>a-aliqua</span> <span class='ocrx_word' id='word_1_1186' title='bbox 685 6159 723 6204; x_wconf 90' lang='grc'>004</span> <span class='ocrx_word' id='word_1_1187' title='bbox 742 6153 775 6204; x_wconf 89' lang='grc'>440</span> <span class='ocrx_word' id='word_1_1188' title='bbox 794 6167 871 6218; x_wconf 89' lang='lat' dir='ltr'>vera,</span> <span class='ocrx_word' id='word_1_1189' title='bbox 890 6155 962 6220; x_wconf 90' lang='lat' dir='ltr'>quod</span> <span class='ocrx_word' id='word_1_1190' title='bbox 1000 6154 1056 6206; x_wconf 90' lang='lat' dir='ltr'>sine</span> <span class='ocrx_word' id='word_1_1191' title='bbox 1083 6153 1221 6206; x_wconf 91' lang='lat' dir='ltr'>dilectione</span> <span class='ocrx_word' id='word_1_1192' title='bbox 1250 6153 1355 6204; x_wconf 89' lang='lat' dir='ltr'>effectus</span> <span class='ocrx_word' id='word_1_1193' title='bbox 1379 6165 1431 6204; x_wconf 93' lang='lat' dir='ltr'>non</span> <span class='ocrx_word' id='word_1_1194' title='bbox 1458 6157 1497 6204; x_wconf 91' lang='lat' dir='ltr'>est</span> <span class='ocrx_word' id='word_1_1195' title='bbox 1520 6165 1583 6204; x_wconf 87' lang='lat' dir='ltr'>vera</span> <span class='ocrx_word' id='word_1_1196' title='bbox 1608 6153 1637 6204; x_wconf 97' lang='lat' dir='ltr'>lll</span> <span class='ocrx_word' id='word_1_1197' title='bbox 1674 6177 1708 6190; x_wconf 94' lang='lat'>-</span> <span class='ocrx_word' id='word_1_1198' title='bbox 1728 6151 1772 6202; x_wconf 90' lang='grc'>904</span> <span class='ocrx_word' id='word_1_1199' title='bbox 1793 6159 1877 6218; x_wconf 89' lang='grc'>004004</span> <span class='ocrx_word' id='word_1_1200' title='bbox 1894 6165 1951 6204; x_wconf 90' lang='grc'>0000</span> <span class='ocrx_word' id='word_1_1201' title='bbox 1971 6153 2083 6216; x_wconf 87' lang='grc'>00440040</span> <span class='ocrx_word' id='word_1_1202' title='bbox 2113 6155 2137 6204; x_wconf 88' lang='grc'>04</span> <span class='ocrx_word' id='word_1_1203' title='bbox 2159 6149 2313 6214; x_wconf 86' lang='lat' dir='ltr'>imperfecta</span> <span class='ocrx_word' id='word_1_1204' title='bbox 2419 6221 2421 6228; x_wconf 17' lang='grc' dir='ltr'><strong><em>Α</em></strong></span> 
     </span>
    </p>
   </div>
   <div class='ocr_carea' id='block_1_8' title="bbox 323 6237 2312 6930">
    <p class='ocr_par' dir='ltr' id='par_1_12' title="bbox 323 6237 2311 6484">
     <span class='ocr_line' id='line_1_65' title="bbox 324 6237 2310 6296; baseline -0.001 -6"><span class='ocrx_word' id='word_1_1205' title='bbox 324 6251 375 6290; x_wconf 87' lang='grc'>000</span> <span class='ocrx_word' id='word_1_1206' title='bbox 395 6237 426 6290; x_wconf 88' lang='grc'>044</span> <span class='ocrx_word' id='word_1_1207' title='bbox 446 6239 468 6290; x_wconf 90' lang='grc'>04</span> <span class='ocrx_word' id='word_1_1208' title='bbox 487 6237 665 6292; x_wconf 87' lang='lat' dir='ltr'>contradicere</span> <span class='ocrx_word' id='word_1_1209' title='bbox 685 6237 977 6296; x_wconf 74' lang='grc'>00400445343144</span> <span class='ocrx_word' id='word_1_1210' title='bbox 1000 6243 1050 6294; x_wconf 93' lang='grc'>600</span> <span class='ocrx_word' id='word_1_1211' title='bbox 1070 6245 1086 6294; x_wconf 93' lang='lat' dir='ltr'>i.</span> <span class='ocrx_word' id='word_1_1212' title='bbox 1106 6243 1131 6294; x_wconf 88' lang='lat'>3.</span> <span class='ocrx_word' id='word_1_1213' title='bbox 1150 6241 1202 6292; x_wconf 90' lang='grc'>607</span> <span class='ocrx_word' id='word_1_1214' title='bbox 1220 6255 1236 6292; x_wconf 90' lang='grc'>0</span> <span class='ocrx_word' id='word_1_1215' title='bbox 1673 6237 1736 6294; x_wconf 79' lang='lat' dir='ltr'>leid</span> <span class='ocrx_word' id='word_1_1216' title='bbox 1755 6267 1789 6278; x_wconf 85' lang='grc'>-·</span> <span class='ocrx_word' id='word_1_1217' title='bbox 1805 6243 1893 6296; x_wconf 83' lang='lat' dir='ltr'>Petrus</span> <span class='ocrx_word' id='word_1_1218' title='bbox 1912 6249 1937 6294; x_wconf 90' lang='lat' dir='ltr'>et</span> <span class='ocrx_word' id='word_1_1219' title='bbox 1955 6241 2064 6294; x_wconf 80' lang='lat' dir='ltr'>loannes</span> <span class='ocrx_word' id='word_1_1220' title='bbox 2075 6241 2103 6290; x_wconf 89' lang='grc'>40</span> <span class='ocrx_word' id='word_1_1221' title='bbox 2117 6237 2252 6292; x_wconf 88' lang='lat' dir='ltr'>dilectione</span> <span class='ocrx_word' id='word_1_1222' title='bbox 2263 6237 2310 6290; x_wconf 91' lang='grc'>904</span> 
     </span>
     <span class='ocr_line' id='line_1_66' title="bbox 325 6327 2311 6394; baseline -0.001 -14"><span class='ocrx_word' id='word_1_1223' title='bbox 325 6327 638 6394; x_wconf 86' lang='grc'>4890-94004404444440</span> <span class='ocrx_word' id='word_1_1224' title='bbox 647 6331 772 6394; x_wconf 86' lang='lat' dir='ltr'>contingit</span> <span class='ocrx_word' id='word_1_1225' title='bbox 783 6331 962 6384; x_wconf 88' lang='lat' dir='ltr'>contradicere</span> <span class='ocrx_word' id='word_1_1226' title='bbox 1052 6359 1086 6370; x_wconf 84' lang='grc'>-</span> <span class='ocrx_word' id='word_1_1227' title='bbox 1106 6329 1230 6384; x_wconf 88' lang='grc'>4404040440</span> <span class='ocrx_word' id='word_1_1228' title='bbox 1256 6333 1325 6382; x_wconf 89' lang='grc'>04004</span> <span class='ocrx_word' id='word_1_1229' title='bbox 1349 6327 1450 6382; x_wconf 87' lang='grc'>4400040</span> <span class='ocrx_word' id='word_1_1230' title='bbox 1474 6329 1493 6380; x_wconf 91' lang='grc'>44</span> <span class='ocrx_word' id='word_1_1231' title='bbox 1511 6327 1563 6380; x_wconf 87' lang='grc'>495</span> <span class='ocrx_word' id='word_1_1232' title='bbox 1581 6329 1635 6380; x_wconf 84' lang='lat' dir='ltr'>ii</span> <span class='ocrx_word' id='word_1_1233' title='bbox 1674 6327 1821 6382; x_wconf 90' lang='lat' dir='ltr'>secundum</span> <span class='ocrx_word' id='word_1_1234' title='bbox 1841 6331 1958 6382; x_wconf 87' lang='lat' dir='ltr'>diversas</span> <span class='ocrx_word' id='word_1_1235' title='bbox 1978 6327 2238 6382; x_wconf 87' lang='lat' dir='ltr'>considerationesse</span> <span class='ocrx_word' id='word_1_1236' title='bbox 2255 6339 2311 6380; x_wconf 94' lang='lat' dir='ltr'>mu·</span> 
     </span>
     <span class='ocr_line' id='line_1_67' title="bbox 323 6415 2310 6484; baseline -0.002 -14"><span class='ocrx_word' id='word_1_1237' title='bbox 323 6417 448 6484; x_wconf 82' lang='lat' dir='ltr'>exterius,</span> <span class='ocrx_word' id='word_1_1238' title='bbox 467 6431 519 6468; x_wconf 93' lang='lat' dir='ltr'>non</span> <span class='ocrx_word' id='word_1_1239' title='bbox 538 6423 624 6470; x_wconf 88' lang='lat' dir='ltr'>tamen</span> <span class='ocrx_word' id='word_1_1240' title='bbox 644 6419 778 6472; x_wconf 89' lang='lat' dir='ltr'>interiusl</span> <span class='ocrx_word' id='word_1_1241' title='bbox 800 6417 849 6470; x_wconf 87' lang='grc'>455</span> <span class='ocrx_word' id='word_1_1242' title='bbox 870 6417 898 6470; x_wconf 92' lang='grc'>6*</span> <span class='ocrx_word' id='word_1_1243' title='bbox 1001 6447 1034 6456; x_wconf 90' lang='lat'>-</span> <span class='ocrx_word' id='word_1_1244' title='bbox 1053 6423 1092 6474; x_wconf 90' lang='lat' dir='ltr'>est</span> <span class='ocrx_word' id='word_1_1245' title='bbox 1119 6421 1251 6484; x_wconf 90' lang='lat' dir='ltr'>appetitus</span> <span class='ocrx_word' id='word_1_1246' title='bbox 1276 6417 1338 6470; x_wconf 89' lang='lat' dir='ltr'>boni</span> <span class='ocrx_word' id='word_1_1247' title='bbox 1365 6419 1383 6470; x_wconf 96' lang='lat' dir='ltr'>ll</span> <span class='ocrx_word' id='word_1_1248' title='bbox 1413 6417 1463 6470; x_wconf 93' lang='grc'>479</span> <span class='ocrx_word' id='word_1_1249' title='bbox 1490 6429 1545 6482; x_wconf 87' lang='grc'>040.</span> <span class='ocrx_word' id='word_1_1250' title='bbox 1564 6415 1589 6468; x_wconf 92' lang='grc'>7.</span> <span class='ocrx_word' id='word_1_1251' title='bbox 1609 6417 1637 6468; x_wconf 92' lang='lat' dir='ltr'>lll</span> <span class='ocrx_word' id='word_1_1252' title='bbox 1675 6424 1719 6471; x_wconf 90' lang='grc'>400</span> <span class='ocrx_word' id='word_1_1253' title='bbox 1739 6417 1899 6472; x_wconf 89' lang='lat' dir='ltr'>excedebant</span> <span class='ocrx_word' id='word_1_1254' title='bbox 1917 6417 1946 6470; x_wconf 95' lang='lat' dir='ltr'>lll</span> <span class='ocrx_word' id='word_1_1255' title='bbox 1964 6417 2016 6468; x_wconf 92' lang='grc'>707</span> <span class='ocrx_word' id='word_1_1256' title='bbox 2034 6417 2054 6468; x_wconf 91' lang='lat' dir='ltr'>b</span> <span class='ocrx_word' id='word_1_1257' title='bbox 2070 6429 2159 6484; x_wconf 80' lang='lat' dir='ltr'>sq-</span> <span class='ocrx_word' id='word_1_1258' title='bbox 2176 6419 2215 6468; x_wconf 87' lang='lat' dir='ltr'>est</span> <span class='ocrx_word' id='word_1_1259' title='bbox 2239 6429 2310 6468; x_wconf 90' lang='lat' dir='ltr'>com-</span> 
     </span>
    </p>

    <p class='ocr_par' dir='ltr' id='par_1_13' title="bbox 324 6501 2311 6660">
     <span class='ocr_line' id='line_1_68' title="bbox 377 6501 2311 6576; baseline -0.001 -18"><span class='ocrx_word' id='word_1_1260' title='bbox 377 6505 492 6576; x_wconf 86' lang='grc'>94000440</span> <span class='ocrx_word' id='word_1_1261' title='bbox 506 6535 540 6546; x_wconf 92' lang='grc'>-</span> <span class='ocrx_word' id='word_1_1262' title='bbox 560 6507 696 6560; x_wconf 87' lang='lat' dir='ltr'>ordinatur</span> <span class='ocrx_word' id='word_1_1263' title='bbox 713 6507 748 6560; x_wconf 92' lang='lat' dir='ltr'>ad</span> <span class='ocrx_word' id='word_1_1264' title='bbox 767 6507 962 6574; x_wconf 90' lang='lat' dir='ltr'>generationem</span> <span class='ocrx_word' id='word_1_1265' title='bbox 1001 6509 1053 6560; x_wconf 90' lang='grc'>039</span> <span class='ocrx_word' id='word_1_1266' title='bbox 1073 6507 1138 6560; x_wconf 81' lang='lat' dir='ltr'>b-</span> <span class='ocrx_word' id='word_1_1267' title='bbox 1154 6507 1263 6560; x_wconf 81' lang='lat' dir='ltr'>Affectio</span> <span class='ocrx_word' id='word_1_1268' title='bbox 1280 6509 1383 6560; x_wconf 91' lang='lat' dir='ltr'>animae</span> <span class='ocrx_word' id='word_1_1269' title='bbox 1400 6507 1459 6558; x_wconf 89' lang='lat' dir='ltr'>nala</span> <span class='ocrx_word' id='word_1_1270' title='bbox 1478 6513 1516 6558; x_wconf 91' lang='grc'>004</span> <span class='ocrx_word' id='word_1_1271' title='bbox 1529 6506 1637 6570; x_wconf 87' lang='grc'>44440040</span> <span class='ocrx_word' id='word_1_1272' title='bbox 1676 6509 1762 6558; x_wconf 88' lang='grc'>400040</span> <span class='ocrx_word' id='word_1_1273' title='bbox 1780 6509 1839 6558; x_wconf 90' lang='lat' dir='ltr'>viae</span> <span class='ocrx_word' id='word_1_1274' title='bbox 1867 6511 1892 6560; x_wconf 88' lang='lat' dir='ltr'>et</span> <span class='ocrx_word' id='word_1_1275' title='bbox 1910 6507 2007 6572; x_wconf 90' lang='lat' dir='ltr'>patriae</span> <span class='ocrx_word' id='word_1_1276' title='bbox 2030 6507 2064 6558; x_wconf 86' lang='lat' dir='ltr'>lv</span> <span class='ocrx_word' id='word_1_1277' title='bbox 2084 6503 2151 6558; x_wconf 89' lang='grc'>4009</span> <span class='ocrx_word' id='word_1_1278' title='bbox 2173 6501 2200 6558; x_wconf 86' lang='grc'>4*</span> <span class='ocrx_word' id='word_1_1279' title='bbox 2218 6508 2311 6557; x_wconf 89' lang='lat' dir='ltr'>—est</span> 
     </span>
     <span class='ocr_line' id='line_1_69' title="bbox 324 6587 2310 6660; baseline -0.003 -12"><span class='ocrx_word' id='word_1_1280' title='bbox 324 6595 445 6648; x_wconf 87' lang='lat' dir='ltr'>humoris</span> <span class='ocrx_word' id='word_1_1281' title='bbox 463 6599 487 6646; x_wconf 89' lang='lat' dir='ltr'>et</span> <span class='ocrx_word' id='word_1_1282' title='bbox 508 6597 593 6648; x_wconf 90' lang='lat' dir='ltr'>carnis</span> <span class='ocrx_word' id='word_1_1283' title='bbox 611 6597 646 6648; x_wconf 89' lang='lat' dir='ltr'>lV</span> <span class='ocrx_word' id='word_1_1284' title='bbox 665 6597 717 6650; x_wconf 86' lang='grc'>975</span> <span class='ocrx_word' id='word_1_1285' title='bbox 736 6597 790 6650; x_wconf 93' lang='lat' dir='ltr'>f.3</span> <span class='ocrx_word' id='word_1_1286' title='bbox 1001 6611 1079 6650; x_wconf 91' lang='lat' dir='ltr'>omne</span> <span class='ocrx_word' id='word_1_1287' title='bbox 1106 6597 1206 6650; x_wconf 91' lang='lat' dir='ltr'>honum</span> <span class='ocrx_word' id='word_1_1288' title='bbox 1235 6595 1296 6648; x_wconf 93' lang='grc'>440</span> <span class='ocrx_word' id='word_1_1289' title='bbox 1316 6595 1332 6648; x_wconf 94' lang='lat' dir='ltr'>b</span> <span class='ocrx_word' id='word_1_1290' title='bbox 1351 6621 1387 6636; x_wconf 90' lang='lat'><em>-</em></span> <span class='ocrx_word' id='word_1_1291' title='bbox 1412 6591 1550 6660; x_wconf 89' lang='lat' dir='ltr'>Diligenda</span> <span class='ocrx_word' id='word_1_1292' title='bbox 1577 6599 1638 6646; x_wconf 88' lang='lat' dir='ltr'>sunt</span> <span class='ocrx_word' id='word_1_1293' title='bbox 1674 6595 1722 6648; x_wconf 93' lang='lat' dir='ltr'>dos</span> <span class='ocrx_word' id='word_1_1294' title='bbox 1747 6595 1884 6660; x_wconf 89' lang='lat' dir='ltr'>perficiens</span> <span class='ocrx_word' id='word_1_1295' title='bbox 1912 6593 2139 6658; x_wconf 89' lang='lat' dir='ltr'>concupiscibilem</span> <span class='ocrx_word' id='word_1_1296' title='bbox 2168 6587 2266 6646; x_wconf 89' lang='grc'>444509</span> <span class='ocrx_word' id='word_1_1297' title='bbox 2286 6603 2310 6644; x_wconf 92' lang='lat' dir='ltr'>a.</span> 
     </span>
    </p>

    <p class='ocr_par' dir='ltr' id='par_1_14' title="bbox 324 6681 2312 6930">
     <span class='ocr_line' id='line_1_70' title="bbox 378 6681 2312 6750; baseline -0.002 -16"><span class='ocrx_word' id='word_1_1298' title='bbox 378 6683 492 6736; x_wconf 83' lang='grc'>94440440</span> <span class='ocrx_word' id='word_1_1299' title='bbox 506 6683 584 6736; x_wconf 89' lang='lat' dir='ltr'>-ad</span> <span class='ocrx_word' id='word_1_1300' title='bbox 596 6699 714 6738; x_wconf 90' lang='lat' dir='ltr'>amorem</span> <span class='ocrx_word' id='word_1_1301' title='bbox 728 6685 801 6738; x_wconf 88' lang='lat' dir='ltr'>addit</span> <span class='ocrx_word' id='word_1_1302' title='bbox 809 6687 963 6740; x_wconf 89' lang='lat' dir='ltr'>electionem</span> <span class='ocrx_word' id='word_1_1303' title='bbox 1001 6685 1071 6738; x_wconf 88' lang='lat' dir='ltr'>bona</span> <span class='ocrx_word' id='word_1_1304' title='bbox 1079 6687 1227 6738; x_wconf 90' lang='lat' dir='ltr'>concretive</span> <span class='ocrx_word' id='word_1_1305' title='bbox 1239 6691 1333 6750; x_wconf 89' lang='lat' dir='ltr'>sumta,</span> <span class='ocrx_word' id='word_1_1306' title='bbox 1345 6693 1372 6738; x_wconf 92' lang='lat' dir='ltr'>et</span> <span class='ocrx_word' id='word_1_1307' title='bbox 1384 6683 1539 6738; x_wconf 83' lang='lat' dir='ltr'>abstractive</span> <span class='ocrx_word' id='word_1_1308' title='bbox 1552 6687 1636 6736; x_wconf 87' lang='lat' dir='ltr'>sumta</span> <span class='ocrx_word' id='word_1_1309' title='bbox 1674 6683 1707 6736; x_wconf 90' lang='lat' dir='ltr'>lV</span> <span class='ocrx_word' id='word_1_1310' title='bbox 1729 6683 1797 6736; x_wconf 91' lang='grc'>4009</span> <span class='ocrx_word' id='word_1_1311' title='bbox 1817 6683 1834 6738; x_wconf 92' lang='lat' dir='ltr'>b</span> <span class='ocrx_word' id='word_1_1312' title='bbox 1853 6683 1933 6736; x_wconf 87' lang='lat' dir='ltr'>-lu</span> <span class='ocrx_word' id='word_1_1313' title='bbox 1952 6681 2088 6737; x_wconf 88' lang='lat' dir='ltr'>dilectione</span> <span class='ocrx_word' id='word_1_1314' title='bbox 2107 6681 2153 6732; x_wconf 92' lang='grc'>904</span> <span class='ocrx_word' id='word_1_1315' title='bbox 2173 6693 2224 6732; x_wconf 92' lang='lat' dir='ltr'>non</span> <span class='ocrx_word' id='word_1_1316' title='bbox 2250 6683 2312 6732; x_wconf 90' lang='lat' dir='ltr'>sunt</span> 
     </span>
     <span class='ocr_line' id='line_1_71' title="bbox 325 6769 2312 6840; baseline -0.002 -16"><span class='ocrx_word' id='word_1_1317' title='bbox 325 6771 405 6826; x_wconf 90' lang='grc'>4905</span> <span class='ocrx_word' id='word_1_1318' title='bbox 424 6771 481 6822; x_wconf 91' lang='grc'>(4.4</span> <span class='ocrx_word' id='word_1_1319' title='bbox 509 6801 544 6810; x_wconf 98' lang='grc'>-</span> <span class='ocrx_word' id='word_1_1320' title='bbox 563 6781 602 6824; x_wconf 89' lang='grc'>004</span> <span class='ocrx_word' id='word_1_1321' title='bbox 620 6773 762 6828; x_wconf 88' lang='lat' dir='ltr'>voluntatis</span> <span class='ocrx_word' id='word_1_1322' title='bbox 778 6773 964 6828; x_wconf 86' lang='lat' dir='ltr'>deliberativae</span> <span class='ocrx_word' id='word_1_1323' title='bbox 1003 6779 1029 6826; x_wconf 92' lang='lat' dir='ltr'>ut</span> <span class='ocrx_word' id='word_1_1324' title='bbox 1048 6775 1160 6828; x_wconf 91' lang='lat' dir='ltr'>rationes</span> <span class='ocrx_word' id='word_1_1325' title='bbox 1190 6771 1314 6838; x_wconf 90' lang='lat' dir='ltr'>diligendi</span> <span class='ocrx_word' id='word_1_1326' title='bbox 1340 6771 1371 6824; x_wconf 94' lang='lat' dir='ltr'>lll</span> <span class='ocrx_word' id='word_1_1327' title='bbox 1388 6771 1440 6822; x_wconf 91' lang='grc'>630</span> <span class='ocrx_word' id='word_1_1328' title='bbox 1458 6769 1476 6822; x_wconf 90' lang='grc'>44</span> <span class='ocrx_word' id='word_1_1329' title='bbox 1494 6797 1530 6810; x_wconf 96' lang='grc'>-</span> <span class='ocrx_word' id='word_1_1330' title='bbox 1557 6771 1638 6824; x_wconf 90' lang='lat' dir='ltr'>oritur</span> <span class='ocrx_word' id='word_1_1331' title='bbox 1675 6773 1788 6840; x_wconf 89' lang='lat' dir='ltr'>gradus,</span> <span class='ocrx_word' id='word_1_1332' title='bbox 1816 6771 1863 6824; x_wconf 88' lang='lat' dir='ltr'>sed</span> <span class='ocrx_word' id='word_1_1333' title='bbox 1890 6771 2010 6824; x_wconf 89' lang='lat' dir='ltr'>diversae</span> <span class='ocrx_word' id='word_1_1334' title='bbox 2037 6771 2148 6822; x_wconf 87' lang='lat' dir='ltr'>rationes</span> <span class='ocrx_word' id='word_1_1335' title='bbox 2176 6775 2312 6822; x_wconf 90' lang='lat' dir='ltr'>moventes</span> 
     </span>
     <span class='ocr_line' id='line_1_72' title="bbox 324 6859 1854 6930; baseline 0 -18"><span class='ocrx_word' id='word_1_1336' title='bbox 324 6859 353 6912; x_wconf 96' lang='lat' dir='ltr'>lll</span> <span class='ocrx_word' id='word_1_1337' title='bbox 372 6859 423 6912; x_wconf 88' lang='grc'>040</span> <span class='ocrx_word' id='word_1_1338' title='bbox 444 6859 510 6912; x_wconf 91' lang='lat' dir='ltr'>b—</span> <span class='ocrx_word' id='word_1_1339' title='bbox 522 6865 561 6912; x_wconf 92' lang='lat' dir='ltr'>est</span> <span class='ocrx_word' id='word_1_1340' title='bbox 580 6861 604 6912; x_wconf 93' lang='lat' dir='ltr'>in</span> <span class='ocrx_word' id='word_1_1341' title='bbox 625 6863 684 6928; x_wconf 86' lang='lat' dir='ltr'>plus</span> <span class='ocrx_word' id='word_1_1342' title='bbox 698 6876 777 6930; x_wconf 89' lang='lat' dir='ltr'>quam</span> <span class='ocrx_word' id='word_1_1343' title='bbox 796 6861 965 6918; x_wconf 82' lang='lat' dir='ltr'>caritasibid.</span> <span class='ocrx_word' id='word_1_1344' title='bbox 1001 6875 1032 6916; x_wconf 87' lang='grc'>04</span> <span class='ocrx_word' id='word_1_1345' title='bbox 1051 6861 1258 6916; x_wconf 88' lang='lat' dir='ltr'>consideratione</span> <span class='ocrx_word' id='word_1_1346' title='bbox 1274 6859 1407 6924; x_wconf 90' lang='lat' dir='ltr'>bonilatis,</span> <span class='ocrx_word' id='word_1_1347' title='bbox 1429 6859 1470 6912; x_wconf 92' lang='lat' dir='ltr'>vel</span> <span class='ocrx_word' id='word_1_1348' title='bbox 1490 6863 1528 6912; x_wconf 88' lang='lat' dir='ltr'>est</span> <span class='ocrx_word' id='word_1_1349' title='bbox 1546 6861 1638 6926; x_wconf 89' lang='lat' dir='ltr'>princi·</span> <span class='ocrx_word' id='word_1_1350' title='bbox 1675 6861 1703 6912; x_wconf 95' lang='lat' dir='ltr'>lll</span> <span class='ocrx_word' id='word_1_1351' title='bbox 1721 6861 1772 6916; x_wconf 87' lang='grc'>653</span> <span class='ocrx_word' id='word_1_1352' title='bbox 1793 6861 1818 6914; x_wconf 90' lang='lat' dir='ltr'>d.</span> <span class='ocrx_word' id='word_1_1353' title='bbox 1838 6861 1854 6912; x_wconf 94' lang='lat'><strong>3</strong></span> 
     </span>
    </p>
   </div>
   <div class='ocr_carea' id='block_1_9' title="bbox 0 0 2900 8392">
    <p class='ocr_par' dir='ltr' id='par_1_15' title="bbox 0 0 2900 8392">
     <span class='ocr_line' id='line_1_73' title="bbox 0 0 2900 8392; baseline 0 0"><span class='ocrx_word' id='word_1_1354' title='bbox 0 0 2900 8392; x_wconf 95' lang='lat' dir='ltr'> </span> 
     </span>
    </p>
   </div>
  </div>
 </body>
</html>
