5784 8384
500 777 664 862 Indicis
693 777 820 862 realis
847 781 956 864 ratio
981 781 1245 890 postulabat,
1274 783 1397 860 utin
1427 779 1743 884 subiungendis
1761 783 2130 888 propositionibus
2159 781 2241 866 sub
2266 791 2382 864 certa

395 941 501 994 voce
528 941 594 996 res
622 915 867 1022 significata
895 917 1127 1022 praecipue
1154 913 1457 1016 attenderetur,
1488 941 1541 992 ne
1571 923 1747 1020 propter
1769 913 1985 998 vocabula
2010 943 2078 998 res
2108 917 2382 998 cohaerentes

395 1045 764 1156 disiungerentur3
792 1049 897 1130 hinc
926 1079 991 1128 ex.
1022 1075 1084 1152 gr.
1115 1046 1264 1148 multa,
1286 1073 1395 1152 quae
1423 1045 1474 1124 de
1506 1047 1686 1126 scientia
1704 1045 1920 1154 dicuntur,
1941 1049 2140 1154 ponenda
2161 1061 2280 1130 erant
2301 1049 2380 1132 sub

395 1209 500 1262 voce
530 1181 698 1292 oopnib'o
726 1193 771 1262 et
797 1183 894 1262 vice
921 1207 1065 1286 versa3
1094 1205 1204 1286 quae
1232 1179 1284 1256 de
1314 1189 1413 1258 actu
1444 1177 1644 1258 credendi
1673 1189 1715 1260 et
1745 1179 1969 1288 diligendi,
1992 1181 2072 1262 sub
2092 1211 2197 1262 voce
2211 1181 2319 1286 fidos
2339 1193 2382 1264 et

395 1315 555 1396 caritas.
1309 1301 1310 1304 i

502 1447 630 1550 Quoad
657 1447 816 1532 modum
844 1443 993 1530 citandi
1022 1441 1263 1528 notandum:

500 1581 619 1664 Libri
646 1583 797 1662 horum
828 1577 1239 1658 Commentariorum
1270 1575 1552 1684 designantur
1580 1581 1769 1664 numeris
1798 1579 1985 1662 romanis
2012 1577 2046 1688 I,
2075 1577 2132 1688 H,
2162 1577 2242 1688 HI,
2271 1579 2347 1690 IV,

500 1715 685 1826 Pupinuo
713 1691 993 1816 singulorum·
1015 1709 1285 1790 voluminum
1316 1715 1506 1796 numeris
1531 1715 1727 1820 arabicis

504 1847 715 1934 Columnae
743 1841 976 1926 cuiuslibet
1005 1843 1190 1950 paginae
1217 1841 1374 1928 litteris
1401 1875 1439 1954 a,
1467 1847 1510 1928 b.

499 1985 744 2090 Argumenta
774 1977 948 2084 singula
974 1979 1164 2058 numeris
1194 1977 1377 2060 arabicis
1395 1981 1442 2060 in
1461 1991 1584 2062 textu
1612 1981 1790 2062 istorum
1821 1979 2028 2064 librorum
2051 1983 2263 2092 distincta,
2287 1985 2379 2092 qui-

393 2117 475 2198 bus
504 2115 678 2222 quidem
710 2115 754 2192 in
784 2111 978 2220 margine
1008 2111 1236 2194 ascribitur
1263 2111 1834 2220 Fundameniusindioantur
1863 2115 2006 2196 littera
2034 2117 2064 2198 f.
2094 2147 2193 2198 cum
2231 2147 2379 2200 nume-

392 2249 450 2330 ris
479 2249 515 2354 1,
544 2249 582 2356 2,
612 2249 699 2356 3...;
729 2245 891 2354 quibus
917 2255 1062 2326 autem
1089 2245 1320 2328 ascribitur
1345 2245 1414 2328 Ad
1442 2247 1662 2356 oppositum
1692 2247 1761 2328 vel
1802 2247 1905 2356 quid
1944 2249 2097 2356 simile,
2133 2249 2380 2334 indicantur

392 2371 545 2464 litteris
575 2411 661 2488 arg.
694 2411 792 2462 oum
824 2381 910 2462 suis
939 2381 1141 2488 numeris
1170 2381 1468 2486 responsiones
1499 2411 1597 2462 vero
1627 2381 1681 2462 ad
1708 2381 1792 2462 ista
1820 2383 2021 2464 asterisco
2051 2381 2297 2490 *apposito
2324 2385 2379 2464 ad

392 2543 592 2598 numeros
619 2515 827 2596 arabicos.

499 2649 636 2732 Dubio
670 2651 784 2732 circa
822 2649 1012 2730 litteram
1049 2645 1246 2754 Magistri
1283 2645 1611 2756 distinguuntur
1646 2647 1791 2729 littera
1829 2649 1870 2732 d.
1907 2651 2152 2758 praeposita
2188 2653 2379 2734 numeris

391 2783 587 2866 arabicis,
2125 2891 2127 2898 X

500 2919 675 3022 Quoties
705 2917 943 3026 propositio
970 2915 1118 3024 aliqua
1146 2917 1191 2996 in
1219 2915 1370 2996 eadem
1407 2917 1570 3024 pagina
1606 2917 1837 3026 invenitur,
1871 2943 1954 3026 qua
1992 2917 2261 3026 praecedens,
2293 2917 2378 3002 alio

390 3063 533 3134 autem
563 3053 670 3160 loen,
703 3051 864 3158 pagina
892 3051 1107 3132 indicatur
1134 3079 1211 3158 per
1238 3047 1304 3156 rb,
1334 3061 1378 3130 et
1406 3049 1685 3158 subiungitur
1718 3079 1817 3158 pars
1855 3051 2060 3162 paginae3
2090 3053 2240 3134 eadem
2278 3081 2378 3136 vero

390 3211 488 3296 pars
518 3185 711 3268 eiusdem
735 3185 925 3292 paginae
954 3183 1169 3265 indicatur
1198 3213 1273 3290 per
1300 3183 1395 3264 obiri.

1316 3323 1319 3330 n
