5784 8384
636 669 689 720 nul
713 667 748 734 (4)
1357 663 1397 730 (4)
1980 661 2032 714 altr
2052 659 2090 728 (5)

425 757 456 810 43
477 755 662 826 Multiplicilus
671 753 856 824 poicrtit'urttm
868 753 904 804 44
917 753 1008 806 Poten-
1046 753 1230 818 corruptionis,
1247 751 1294 804 sed
1314 751 1394 804 babet
1406 753 1540 804 materiam
1554 751 1681 816 generall-
1720 753 1806 814 partes
1827 749 1945 814 dispares
1963 749 2068 800 animati
2088 749 2094 800 l
2110 749 2236 802 4764-
2250 761 2355 822 444444,

371 843 423 900 line
439 843 594 912 superiores
612 845 637 896 44
655 843 796 912 inferiores
813 843 849 894 45
868 837 1009 910 6444444444
1046 845 1085 892 444
1103 837 1293 892 consideratam
1313 839 1332 892 14
1352 839 1380 890 94
1415 837 1442 888 l*
1469 867 1500 876 —
1527 851 1578 890 non
1603 839 1682 892 babet
1721 837 1779 890 licet
1800 837 1976 889 diversitatem
2004 835 2115 888 habeant
2140 841 2205 892 inter
2232 855 2272 902 se,
2298 849 2358 896 sont

369 931 407 986 444
424 929 635 1000 cognoscendum
657 933 687 984 46
710 927 854 986 Conversio
871 927 910 982 od
926 939 963 982 44.
1045 929 1180 980 materiam
1200 925 1423 978 transmutabilem
1444 927 1463 978 11
1483 925 1533 978 453
1553 925 1581 992 4,
1600 925 1629 978 3*
1650 953 1681 962 -
1720 931 1804 976 tamen
1826 929 1911 990 partes
1930 927 2114 978 constituentes
2128 939 2210 978 unum
2230 927 2256 978 in
2270 939 2358 982 essen-

407 1023 417 1072 1
442 1047 477 1058 -
494 1027 534 1072 est
552 1021 576 1070 in
598 1033 692 1086 genere
706 1017 865 1072 substantiae
883 1017 891 1068 l
907 1015 939 1068 85
952 1017 972 1068 1.
984 1015 1009 1068 4.
1046 1015 1150 1068 tlalerla
1168 1017 1270 1068 4444444
1289 1029 1341 1066 444
1360 1019 1444 1080 441444
1464 1019 1588 1080 44441444
1604 1015 1680 1066 aliam
1721 1015 1753 1064 tia
1774 1011 1800 1064 lli
1823 1011 1867 1064 441
1895 1011 1921 1064 1*

371 1109 387 1158 11
410 1107 440 1160 48
461 1123 475 1158 4
493 1135 531 1148 -
549 1113 588 1160 441
607 1109 630 1158 44
652 1121 747 1172 genere
767 1105 944 1158 viventiuml
976 1103 1007 1156 94
1045 1101 1682 1154 14444444114664-4444444444444441444·
1776 1125 1807 1138 -··
1828 1101 1965 1152 441144444
1986 1101 2103 1152 distincta
2124 1101 2157 1152 ab
2187 1103 2242 1154 aliis
2268 1103 2357 1158 lormis

370 1195 394 1248 d.
417 1197 431 1248 4
450 1223 486 1234 -
503 1197 569 1248 vivit
581 1197 600 1248 ll
620 1195 672 1248 414
685 1195 702 1246 i.
722 1193 891 1260 6-4444444,
906 1193 1008 1256 444444
1045 1193 1109 1242 teria
1127 1191 1227 1256 optima
1245 1191 1391 1256 colligentia
1412 1191 1554 1254 iunguntur
1574 1191 1605 1242 ed
1619 1191 1683 1240 invi·
1721 1187 1883 1242 noturelibus
1902 1189 1917 1238 ll
1940 1187 1989 1240 446
2011 1203 2024 1240 4
2042 1215 2079 1228 ····
2096 1197 2137 1242 est
2154 1191 2279 1254 44414464
2304 1197 2358 1246 444-

371 1283 441 1350 qood
461 1287 702 1350 estanlme,vivlt
722 1281 809 1338 11338
829 1281 856 1332 d.
876 1281 885 1332 4
911 1309 945 1320 -
971 1285 1008 1332 441
1046 1293 1103 1332 cem
1121 1277 1182 1332 triu
1202 1305 1237 1320 ···
1256 1279 1314 1332 licet
1334 1277 1426 1332 lrabeat
1445 1281 1581 1344 propriam
1605 1283 1683 1328 mate·
1722 1279 1793 1340 poris
1813 1279 1863 1328 nati
1884 1275 2012 1328 vivificari
2030 1279 2082 1330 vita
2101 1281 2218 1332 rationali
2237 1281 2257 1332 11
2276 1281 2310 1332 34
2330 1281 2357 1332 3*

370 1373 452 1424 144444
474 1373 567 1424 vivens
596 1383 645 1424 nun
671 1383 701 1422 44
732 1377 820 1422 441444
851 1371 1007 1434 extrinseca,
1046 1369 1111 1420 44444
1130 1379 1157 1420 44
1175 1369 1299 1432 sormam,
1319 1369 1545 1434 potestreelpera
1570 1367 1682 1418 luentem
1774 1365 2170 1430 -44414444444444411441
2197 1383 2211 1420 4
2240 1395 2276 1406 --
2300 1383 2357 1434 pro·

370 1459 417 1512 sed
437 1473 465 1512 se
485 1461 540 1524 4444
560 1461 582 1510 V
605 1461 656 1512 446
677 1459 741 1510 4-
753 1457 789 1510 de
806 1459 847 1508 soi
866 1461 957 1510 natura
971 1463 1008 1510 est
1046 1457 1083 1508 441
1104 1455 1260 1509 abstractam
1281 1473 1295 1510 a
1313 1459 1420 1508 44414444
1439 1455 1458 1506 44
1479 1455 1531 1508 415
1549 1451 1578 1506 4*
1595 1481 1629 1494 -
1648 1467 1683 1506 ra·
1723 1455 1779 1518 prle
1795 1461 1836 1506 444
1853 1455 1935 1506 lorma
1956 1455 2050 1518 speclei
2065 1455 2244 1522 potiusquam
2258 1459 2358 1520 species

370 1549 463 1602 vivens
484 1547 575 1600 11447
597 1563 612 1600 4
635 1575 672 1586 -
698 1549 790 1598 vivere
808 1543 886 1598 babel
906 1559 953 1612 per
981 1557 1008 1598 se
1047 1545 1148 1596 linealis
1179 1559 1231 1596 non
1260 1545 1339 1598 144441
1364 1545 1524 1610 principium
1551 1543 1683 1596 materiale
1723 1539 1833 1594 11484

371 1637 453 1702 ipsam
475 1641 500 1686 et
518 1637 652 1700 propriam
673 1635 785 1686 44444444
805 1635 822 1686 ll
843 1633 928 1686 6434
1046 1637 1173 1698 otrentum
1192 1635 1225 1686 444
1239 1647 1297 1686 4444
1309 1633 1465 1686 extensionis
1478 1639 1501 1684 el
1515 1637 1593 1696 prout
1607 1629 1683 1682 nabet
1777 1657 1809 1666 m
1841 1630 1971 1682 rationalis
2000 1633 2104 1694 corpori
2134 1631 2177 1684 dal
2210 1633 2358 1686 natttreliter

425 1749 458 1778 -ε
479 1725 527 1776 Per
547 1719 660 1776 anl'mem
680 1725 829 1788 intelligitur
851 1721 1008 1776 4444111447
1046 1735 1104 1774 4444
1122 1719 1173 1774 444
1192 1725 1340 1788 privatione
1358 1719 1392 1776 ib.
1412 1735 1440 1786 4,
1461 1719 1489 1772 4*
1722 1731 1779 1770 4444
1796 1725 1823 1770 44
1842 1719 2063 1784 complementum
2090 1719 2106 1770 11
2128 1719 2178 1772 468
2203 1735 2259 1786 arg.
2282 1721 2298 1770 5
2325 1749 2358 1764 --

371 1811 395 1864 tl.
418 1815 487 1866 4-
504 1813 600 1866 dicitur
618 1813 685 1878 vite,
707 1815 734 1864 ln
752 1815 879 1878 quantum
895 1811 1008 1864 delesse
1101 1839 1133 1848 -
1154 1811 1286 1864 rationalis
1304 1815 1343 1860 est
1361 1811 1503 1874 composita
1525 1821 1554 1860 ex
1574 1821 1626 1876 4444
1647 1811 1685 1860 441
1722 1807 1861 1858 444144444
1882 1809 1947 1860 dans
1976 1813 2063 1860 actum
2090 1813 2112 1860 et
2136 1811 2355 1876 complementum

371 1899 493 1966 generale
509 1901 623 1952 viventis
648 1899 708 1952 194
730 1899 753 1952 d.
774 1899 790 1950 4
816 1925 853 1938 -
881 1905 910 1950 ot
936 1905 1008 1952 actos
1047 1903 1071 1950 44
1091 1899 1164 1966 quod
1182 1903 1222 1950 441
1239 1899 1256 1950 ll
1278 1897 1365 1950 4144
1723 1897 1827 1960 corpori
1847 1897 1863 1948 ll
1885 1893 1933 1948 446
1955 1911 1968 1946 4

371 1989 489 2054 corporis
506 1987 602 2040 dicitur
619 1989 672 2040 vita
689 1985 751 2042 ibid.
765 2013 801 2028 -
813 2001 910 2040 nomen
923 1991 962 2040 est
975 1987 1008 2040 ol·
1100 2015 1134 2028 -
1154 1987 1287 2040 rationalis
1304 1983 1683 2046 4444444444444444444,4441
1776 2011 1810 2024 -
1829 1983 1960 2036 rationalis
1977 1991 2018 2036 444
2031 1987 2154 2050 perfectio
2169 1989 2288 2052 corporis
2307 2001 2358 2040 non

370 2077 420 2130 14444
440 2079 456 2128 ll
477 2075 522 2128 741
549 2077 565 2130 4
588 2075 650 2130 Vide
674 2077 702 2130 V.
731 2073 789 2130 14444
806 2083 829 2130 44
854 2075 880 2128 V.
893 2075 971 2130 44444
983 2079 1007 2130 44
1047 2077 1123 2128 etiem
1144 2079 1193 2128 1444
1214 2075 1310 2142 aliquid
1330 2075 1419 2128 11415
1439 2073 1569 2140 1*,5*.14
1591 2073 1641 2126 447
1661 2087 1682 2126 4.
1724 2079 1822 2126 tentum
1842 2073 2358 2140 secondumsensualitatem‚sedetiam

371 2165 456 2218 iudice
476 2179 565 2232 gener.
1049 2163 1099 2216 466
1119 2165 1150 2214 13
1165 2193 1198 2202 -
1219 2163 1350 2216 rationalis
1367 2169 1407 2216 est
1424 2163 1566 2214 substantia
1589 2177 1633 2226 pet·
1658 2175 1683 2214 44
1724 2159 1867 2214 secundum
1889 2161 2061 2214 4464444461
2084 2163 2133 2214 353
2154 2165 2170 2214 4.
2192 2165 2201 2214 1
2226 2191 2260 2200 -
2285 2165 2358 2216 ratio·

426 2283 456 2292 -
479 2259 515 2306 est
535 2253 678 2308 substantia
695 2255 836 2318 spiritualis
856 2255 865 2304 l
883 2253 918 2304 86
941 2267 965 2306 4.
991 2255 1007 2306 11
1047 2253 1157 2306 existens
1168 2252 1183 2304 ll
1198 2251 1248 2304 454
1263 2253 1281 2304 4.
1300 2253 1314 2304 5
1334 2281 1368 2290 4·-
1381 2251 1416 2304 44
1430 2265 1459 2304 44
1474 2249 1589 2304 subsistit
1602 2253 1618 2304 ll
1633 2249 1683 2302 447
1723 2249 1788 2302 44144
1806 2263 1857 2300 4444
1878 2255 1977 2300 lantum
1991 2259 2031 2304 444
2043 2253 2167 2316 perfectio
2180 2253 2298 2316 corporis
2312 2253 2359 2304 bu-

372 2343 402 2394 44
425 2343 441 2396 i.
459 2343 487 2394 3.
506 2343 531 2394 lll
554 2343 568 2394 9
590 2345 607 2394 4.
626 2343 649 2394 3.
673 2343 723 2394 444
744 2341 769 2394 4.
790 2343 957 2394 618413-
971 2349 1008 2396 441
1050 2339 1074 2392 1*
1087 2341 1264 2392 -rationalis
1285 2347 1322 2392 444
1342 2343 1391 2392 444
1412 2339 1506 2406 aliquid
1529 2347 1552 2392 et
1565 2343 1621 2390 nala
1638 2353 1683 2402 per
1724 2339 1792 2388 mani
1811 2337 1958 2390 secondom
1979 2343 2106 2402 potentias
2119 2339 2255 2394 sensibiles
2269 2341 2358 2394 111354
2380 2399 2381 2402 ,

371 2431 510 2496 spiritualis
530 2433 536 2480 l
560 2431 605 2482 171
629 2429 654 2480 b.
675 2431 692 2484 ll
713 2431 763 2482 414
785 2429 820 2482 3*.
842 2429 945 2482 111457
973 2429 1008 2482 3*.
1048 2443 1074 2480 44
1088 2437 1114 2482 44
1126 2431 1151 2480 44
1172 2443 1198 2480 44
1219 2427 1360 2480 subsistere
1379 2429 1398 2480 ll
1419 2427 1503 2478 4444.
1526 2425 1684 2492 5,4-44·
1723 2427 1956 2480 a-secundom
1976 2441 2004 2478 se
2024 2433 2110 2492 lolam,
2131 2429 2360 2482 secundumcom·

371 2517 425 2572 365
443 2531 501 2584 erg.
524 2519 532 2568 l
559 2545 591 2556 -
612 2527 649 2572 est
670 2519 812 2572 substantia
830 2519 972 2584 spiritualis
986 2523 1009 2572 el
1048 2523 1134 2584 perata
1162 2519 1268 2582 spiritus
1288 2525 1326 2570 est
1346 2525 1369 2570 44
1387 2517 1538 2570 substantie·
1555 2519 1640 2582 444444
1666 2517 1683 2568 14
1724 2517 1882 2580 piamentum
1904 2519 2112 2570 4444444441444
2141 2527 2165 2570 et
2183 2531 2291 2570 suarum
2316 2533 2359 2582 po·

370 2607 690 2672 444444444411134344.
714 2607 774 2660 l.V
798 2607 882 2658 4484
911 2637 945 2646 -
972 2617 1008 2660 est
1049 2607 1115 2658 484
1724 2607 1859 2656 tentlarum
1878 2607 2134 2658 44444441444444444
2162 2607 2281 2670 corporis
2304 2621 2360 2672 per·

370 2695 510 2764 substantia
535 2699 701 2762 incorporea,
722 2683 899 2748 intellectualis
920 2697 1008 2750 11465
1100 2725 1133 2736 -
1154 2697 1179 2750 ln
1198 2697 1585 2760 animeestpotenliapassiva
1602 2695 1683 2748 11413
1724 2693 1797 2746 lectio
1821 2691 1882 2746 ibid.
1909 2719 1941 2730 -
1973 2695 2075 2760 4444444
2102 2697 2278 2748 communicat
2301 2709 2359 2748 esse

370 2799 426 2850 arg.
446 2787 459 2838 4
480 2813 514 2826 -
543 2785 736 2838 sensibilis'est
754 2787 834 2838 lorma
859 2785 934 2838 valde
959 2789 1009 2850 spi·
1048 2786 1064 2838 l.
1083 2785 1109 2838 1.
1128 2785 1179 2838 415
1203 2783 1233 2836 4*
1259 2811 1296 2824 ι·-
1322 2785 1453 2838 4444444144
1482 2785 1626 2838 secondom
1657 2799 1684 2838 se
1724 2795 1773 2834 non
1793 2783 1886 2850 solum,
1908 2787 1931 2834 in
1952 2791 2080 2850 quantum
2100 2793 2138 2836 est
2158 2783 2310 2850 vegetabilis
2336 2791 2360 2838 et

370 2873 648 2928 41444144113771’.3
1048 2875 1207 2928 4444464444
1235 2879 1274 2926 441
1298 2871 1444 2928 subiectum
1465 2873 1630 2928 scientiarum
1660 2879 1684 2926 et
1724 2871 1858 2938 sensibilis,
1877 2871 1924 2924 sed
1943 2871 2022 2924 etiarn
2042 2875 2067 2922 in
2088 2873 2359 2940 quantnmratiooalis

422 2967 513 3014 -441
531 2961 673 3026 spiritualis
698 2977 747 3026 per
776 2963 1007 3026 separationema
1049 2961 1683 3016 44141444114131.4-.14444444444444444
1724 2961 1809 3012 11644
1831 2959 2057 3026 44·-4444444444,
2081 2967 2106 3014 41
2135 2963 2288 3016 intellectiva
2306 2971 2359 3028 444,

371 3051 475 3102 materia
497 3051 625 3114 corporali
644 3051 651 3102 l
674 3049 723 3102 643
740 3047 766 3102 4*
780 3063 880 3102 -444
902 3057 942 3102 441
954 3063 1008 3104 cor·
1047 3065 1074 3104 se
1094 3051 1271 3104 consideratae
1298 3049 1408 3102 debetur
1436 3051 1542 3116 4444444
1566 3053 1684 3114 44444444
1723 3055 1759 3102 est
1770 3051 1893 3114 44414444
1904 3045 2026 3116 hominia,
2041 3051 2185 3104 secondom
2198 3049 2269 3118 qttod
2282 3053 2360 3102 borno

367 3145 418 3204 pus
438 3151 486 3190 nec
503 3139 585 3190 virtus
605 3139 639 3190 in.
659 3153 768 3204 corpore
799 3139 816 3190 ll
834 3139 870 3190 96
896 3153 952 3204 arg.
983 3141 1007 3192 4.
1048 3141 1063 3192 ll
1083 3139 1134 3192 414
1154 3139 1170 3190 l.
1191 3137 1215 3190 4.
1235 3137 1286 3190 744
1307 3135 1335 3190 3*
1359 3165 1392 3176 -
1413 3139 1543 3192 rationalis
1563 3153 1611 3204 per
1635 3141 1683 3192 lor·
1724 3137 1740 3188 ll
1760 3135 1810 3190 445
1830 3139 1849 3188 4.
1867 3137 1891 3188 3.
1913 3137 1963 3190 447
1982 3153 1995 3190 4
2015 3165 2050 3178 --
2069 3139 2169 3204 perlicit
2197 3151 2293 3204 corpus
2312 3141 2360 3192 bo·

369 3225 418 3276 446
439 3241 451 3278 4
473 3217 565 3280 -est
581 3239 755 3292 non-corpus
773 3225 791 3276 ll
821 3225 912 3278 4541.
940 3225 1008 3278 4-
1047 3243 1116 3282 mam
1135 3229 1180 3282 dai
1197 3229 1278 3280 vitem
1298 3233 1320 3282 et
1341 3241 1387 3292 444
1408 3231 1542 3280 materiam
1561 3231 1654 3294 recipit
1667 3231 1683 3282 ll
1724 3237 1828 3278 ntanom
1844 3225 1974 3278 mediante
1991 3227 2043 3292 1114,
2064 3243 2116 3294 qoo
2129 3235 2169 3282 est
2181 3231 2267 3280 anima
2287 3229 2360 3280 ratio

368 3315 480 3382 Quidam
495 3315 707 3378 maledixerunt,
725 3315 797 3384 quod
812 3315 955 3368 intellectos
970 3331 1007 3370 es·
1047 3319 1098 3372 414
1117 3321 1133 3370 4.
1153 3319 1169 3370 6
1725 3315 1830 3366 4414441
1850 3329 1875 3366 44
1895 3317 1950 3380 4444
1972 3317 1989 3366 11
2009 3315 2042 3368 56
2059 3315 2089 3366 3*

368 3411 405 3456 444
425 3405 503 3470 ignis,
523 3405 566 3456 vel
584 3417 653 3472 44444
675 3405 697 3458 11
718 3403 767 3456 498
791 3405 822 3456 19
844 3433 877 3442 -
895 3411 936 3458 444
953 3417 1006 3458 nta-
1100 3435 1131 3444 -
1152 3407 1245 3460 Fornaa
1262 3409 1366 3458 animae
1383 3405 1527 3470 simplicior
1546 3413 1583 3460 est
1604 3423 1682 3474 otram
1776 3411 1860 3456 -est
1872 3405 1946 3472 quasi
1958 3405 2088 3472 quaedam
2100 3405 2233 3476 harmonia
2247 3405 2266 3456 ll
2282 3405 2359 3456 3364

368 3495 439 3546 ulnae
455 3491 556 3546 distans
574 3507 588 3544 4
609 3493 753 3546 4444144444
766 3507 893 3558 44444444
919 3495 1005 3546 11443
1046 3495 1110 3548 41144
1128 3497 1229 3548 4444444
1248 3495 1266 3548 11
1289 3493 1338 3546 415
1358 3493 1386 3546 5*
1463 3509 1465 3514 ·
1757 3493 1827 3544 5-
1848 3498 1885 3546 441
1905 3491 2016 3546 nobilior
2036 3507 2146 3558 corpore
2166 3495 2181 3546 ll
2204 3493 2254 3546 414
2276 3493 2359 3558 argi

368 3579 664 3644 a—dlstatacorpore
679 3595 729 3634 nou
744 3579 828 3634 solum
843 3585 910 3636 sicut
925 3583 1006 3636 1444444
1099 3613 1132 3624 —
1152 3583 1260 3636 broialis
1278 3597 1328 3636 non
1356 3583 1433 3636 babet
1454 3585 1590 3636 materiam
1618 3587 1683 3638 intra
1724 3611 1755 3619 —
1775 3583 1861 3636 444444
1879 3582 1979 3636 excellit
1996 3595 2075 3634 omne
2095 3583 2360 3648 44444411464444.

367 3669 516 3736 amatoria,
536 3669 676 3724 sedetiam
695 3671 762 3722 sicot
774 3671 908 3736 spirituale
923 3687 937 3722 a
950 3685 1008 3724 cor·
1046 3687 1072 3726 se
1091 3675 1110 3726 ll
1129 3671 1182 3724 374
1201 3671 1230 3726 4.
1249 3671 1300 3724 444
1319 3673 1335 3726 4
1357 3689 1394 3740 sq.
1416 3699 1447 3714 -
1469 3659 1606 3726 sensibiles
1624 3681 1684 3726 sunt
1724 3669 1738 3722 4
1757 3671 1957 3724 -secondom
1978 3671 2149 3724 substantiam
2177 3681 2217 3724 est
2240 3673 2361 3738 superior

368 3760 451 3824 444414
470 3765 498 3812 44
515 3759 580 3812 44444
599 3765 760 3824 perpetuum
779 3771 793 3810 a
814 3759 976 3824 corruptibili
990 3761 1008 3814 Il
1046 3763 1143 3814 1444444
1165 3767 1263 3815 tantum
1283 3759 1421 3816 113744.
1440 3759 1491 3814 375
1511 3759 1541 3814 4*
1558 3791 1593 3800 -·
1621 3763 1684 3816 844-
1723 3759 1974 3826 444444444444114
1994 3761 2028 3812 44
2048 3759 2085 3812 3*.
2105 3761 2137 3812 43
2159 3759 2186 3812 4*
2205 3789 2240 3798 -—
2252 3759 2361 3812 sensibi-

368 3847 418 3900 885
438 3861 453 3900 4
470 3873 506 3888 -
524 3861 576 3900 non
596 3853 636 3900 est
653 3849 762 3900 materia
782 3849 800 3900 ll
821 3845 905 3900 4464
925 3877 960 3890 -
984 3853 1009 3902 41
1046 3849 1120 3904 444414
1139 3851 1163 3902 44
1184 3849 1266 3904 brutis
1286 3853 1402 3904 nominat
1421 3851 1531 3904 lormam
1552 3851 1634 3904 11463
1656 3849 1684 3904 3*
1723 3849 1752 3900 144
1770 3855 1809 3902 444
1827 3849 1911 3900 lorma
1929 3849 2258 3914 44144441444444444114
2278 3849 2360 3900 11377

367 3949 463 4002 444444
488 3949 539 3990 444
568 3939 761 3990 communicant
785 3939 811 3990 in
838 3939 947 3990 materia
975 3937 1008 3992 lV
1047 3967 1079 3978 -
1099 3939 1206 3992 broialis
1227 3953 1277 3992 non
1299 3947 1336 3992 est
1357 3945 1415 3992 nata
1435 3953 1482 4004 444
1495 3953 1522 3992 44
1543 3939 1684 3994 subsistere
1723 3951 1779 4002 arg.
1798 3939 1822 3990 3.
1842 3937 1893 3990 348
1914 3939 1930 3990 4.
1949 3937 1976 3990 4.
1994 3939 2047 3990 336
2065 3937 2160 4006 argi

369 4027 468 4080 16154
1046 4029 1065 4080 11
1085 4027 1136 4080 414
1156 4027 1175 4080 4
1193 4053 1229 4068 -·
1248 4029 1357 4082 broialis
1376 4029 1501 4082 londator
1528 4029 1553 4080 ln
1572 4041 1684 4096 corpore
1775 4055 1809 4068 -
1828 4029 1960 4080 rationalis
1979 4027 2057 4080 babet
2075 4041 2132 4080 4444
2153 4029 2265 4080 nobilius
2282 4041 2360 4094 qoam

418 4143 453 4156 -
471 4119 512 4170 est
529 4117 648 4170 intimum
669 4119 777 4182 spiritus
793 4115 858 4170 1144
872 4113 900 4168 4*
1046 4119 1064 4170 ll
1083 4115 1135 4170 445
1154 4131 1169 4168 4
1724 4131 1818 4182 carpos
1838 4115 2007 4182 corruptibile
2035 4117 2042 4168 l
2061 4117 2148 4170 6474
2172 4145 2208 4156 -·
2232 4113 2361 4170 sensibilis

401 4207 417 4258 4
438 4233 470 4244 -
497 4211 535 4260 441
553 4207 663 4272 simplex
685 4203 801 4258 14764.
821 4203 843 4272 4,
865 4207 888 4258 5.
911 4203 955 4256 471
982 4203 1007 4258 4.
1101 4219 1161 4258 -4
1181 4219 1290 4272 corpore
1310 4219 1361 4258 non
1375 4205 1519 4274 dependet,
1537 4205 1582 4260 sed
1598 4221 1642 4272 per
1656 4221 1684 4260 44
1724 4203 1875 4258 444414444
1895 4203 2008 4258 nobilius
2029 4219 2109 4272 quam
2127 4219 2227 4272 corpus
2246 4207 2361 4258 incorru-

367 4293 419 4346 487
440 4291 476 4346 4*.
502 4293 519 4346 ll
539 4293 590 4346 454
610 4293 661 4346 ii
683 4321 717 4334 -·
744 4293 836 4346 Forma
856 4293 1008 4346 animalium
1046 4295 1131 4356 441441
1148 4291 1291 4346 4444441444
1310 4293 1328 4344 14
1348 4291 1398 4344 447
1419 4293 1444 4344 4.
1469 4293 1548 4344 4464
1565 4323 1601 4332 -
1621 4295 1683 4346 Esse
1724 4291 1811 4358 4144414
1830 4289 1893 4346 loir.
2261 4353 2262 4360 ¹

366 4389 405 4438 est
423 4385 533 4446 simplex
554 4383 644 4436 11377
663 4395 720 4448 arg.
741 4383 805 4434 4-
818 4395 870 4434 444
889 4389 928 4434 444
941 4395 1008 4434 corn·
1046 4381 1146 4434 animae
1166 4383 1191 4432 44
1211 4393 1240 4434 44
1258 4395 1309 4434 444
1322 4381 1420 4446 pendet
1433 4395 1462 4434 ev
1477 4395 1586 4446 corpore
1601 4383 1683 4434 11643
1772 4409 1809 4422 -
1826 4383 1959 4434 rationalis
1984 4383 2049 4434 inter
2076 4397 2169 4436 omnes
2197 4383 2296 4436 lormes
2323 4387 2361 4434 est

365 4473 463 4538 posita,
476 4473 561 4524 immo
579 4473 691 4536 44444144
701 4473 830 4538 quantum
844 4471 879 4524 etl
891 4471 1009 4524 substan·
1046 4483 1115 4522 n-
1133 4469 1287 4520 intellectiva
1308 4481 1359 4522 non
1378 4469 1509 4536 dependet
1533 4469 1686 4524 substantia·
1722 4469 1881 4524 nobilissima
1901 4473 1920 4524 ll
1942 4469 1993 4524 413
2012 4485 2068 4538 arg.
2089 4473 2115 4526 5.
2134 4473 2185 4524 417
2200 4473 2218 4524 1.
2231 4473 2255 4538 3,
2271 4471 2296 4524 4.
2309 4471 2361 4524 413

367 4563 428 4614 tiam
448 4557 481 4614 u.
502 4559 537 4614 4*.
559 4559 609 4614 414
630 4561 645 4612 1.
664 4561 691 4612 4.
710 4559 745 4612 114
763 4557 817 4610 914
836 4557 867 4610 3*
1047 4559 1103 4610 liter
1122 4573 1134 4610 a
1155 4569 1265 4622 corpore
1284 4557 1374 4610 11444
1397 4573 1452 4626 arg.
1475 4561 1500 4612 1.
1517 4557 1569 4612 744
1598 4557 1626 4612 3*
1648 4585 1686 4598 -
1723 4573 1779 4624 arg.
1802 4561 1809 4610 l
1832 4587 1869 4598 -
1886 4565 1926 4612 est
1945 4561 2030 4612 lomna
2050 4559 2211 4614 nobilissima
2233 4563 2299 4614 inter
2317 4573 2363 4612 na·

418 4649 605 4702 —rationalis
625 4653 662 4702 est
682 4647 826 4714 simplicior
843 4649 899 4700 aliis
918 4649 1010 4702 1444444
1047 4647 1455 4700 344444414444444444444444144
1477 4661 1525 4702 non
1553 4649 1687 4714 dependet
1724 4647 1818 4702 turales
1838 4649 1935 4702 iormas
1954 4649 1972 4700 ll
1992 4647 2043 4702 446
2062 4665 2085 4702 a.
2104 4649 2149 4702 451
2169 4665 2224 4716 arg.
2238 4651 2253 4702 3
2267 4649 2362 4702 -114-

367 4743 494 4806 quantum
514 4737 546 4790 etl
567 4737 740 4804 privationem
755 4737 868 4802 partiunt
882 4737 1010 4802 444441414-
1047 4737 1080 4788 44
1099 4737 1187 4802 4144444
1206 4743 1280 4800 44414
1300 4739 1432 4800 corporis,
1450 4749 1511 4788 4444
1534 4739 1567 4788 444
1590 4737 1638 4788 bru
1659 4739 1685 4788 44
1724 4738 1823 4790 tionalis
1844 4737 2267 4792 441444444144444444414444444
2289 4737 2356 4790 1731

368 4829 480 4880 tiverom
503 4809 741 4880 414444444444411
762 4823 814 4878 415
833 4823 909 4876 5*-
929 4827 1010 4878 sensi·
1046 4839 1074 4878 se
1094 4825 1101 4874 1
1124 4825 1286 4890 litargo
1307 4851 1339 4862 -··
1360 4839 1411 4878 non
1433 4825 1563 4890 dependet
1587 4841 1602 4878 a
1630 4841 1686 4880 cor·
1723 4827 1741 4878 1.
1759 4827 1774 4878 4
1795 4855 1829 4868 -
1848 4833 1885 4880 est
1899 4827 2060 4880 nobilissima
2078 4829 2196 4880 omniurn
2217 4829 2361 4880 lormaront

367 4913 426 4968 bilis
446 4921 483 4968 est
503 4911 586 4968 1444444
605 4913 783 4968 substantialis
803 4927 894 4968 cerens
922 4921 1011 4968 44144·
1047 4927 1111 4980 pore
1130 4921 1254 4982 tanquam
1272 4917 1393 4980 indigens
1412 4929 1444 4968 eo
1462 4915 1498 4968 ad
1515 4917 1557 4968 4444
1582 4929 1686 4968 conser·
1723 4917 1821 4968 4414444
1841 4917 1943 4968 4444444
1962 4917 1995 4970 ad
2015 4931 2113 4982 corpus
2130 4917 2322 4970 nobilissimum
2343 4917 2361 4968 ll

368 5007 441 5058 sione
458 5019 508 5070 per
526 5019 554 5058 44
572 5009 597 5058 41
618 5019 664 5070 444
678 5005 808 5066 accidens,
827 5011 956 5070 quantum
976 5005 1014 5058 ad
1046 5005 1177 5056 vationum
1197 5005 1213 5056 11
1235 5003 1285 5056 418
1309 5001 1335 5056 4*
1724 5007 1755 5058 56
1775 5003 1846 5058 b-
1865 5007 1996 5060 rationalis
2015 5015 2055 5058 est
2071 5007 2156 5058 forma
2180 5007 2268 5058 ultima
2287 5007 2304 5058 11
2327 5003 2361 5058 44

367 5093 538 5146 substantiam
550 5091 759 5160 alquantomad
772 5093 909 5158 proprium
921 5097 1009 5146 441444
1082 5091 1151 5144 l-
1169 5099 1208 5146 est
1233 5093 1345 5168 spiritns³
1369 5095 1521 5158 4444444444
1548 5099 1573 5146 44
1601 5095 1684 5147 torma
1724 5091 1897 5146 4*.4581.1
1928 5093 2207 5148 144441411414444444.

366 5183 386 5234 ll
404 5181 456 5234 376
476 5181 515 5232 4*.
534 5181 585 5236 415
603 5181 636 5234 5*
651 5209 690 5222 ·-
707 5181 830 5234 sensitiva
848 5193 900 5234 non
926 5185 1011 5234 etten·
1047 5181 1070 5234 V
1088 5181 1139 5232 446
1159 5181 1177 5232 4
1195 5195 1236 5248 44].
1255 5207 1289 5220 -
1310 5181 1523 5236 44444441444444
1544 5185 1627 5236 144444
1645 5193 1686 5236 est
1775 5211 1810 5220 —
1829 5189 1869 5234 est
1887 5185 2078 5250 liniscorpnris
2093 5185 2176 5236 11386
2190 5181 2206 5234 4
2222 5183 2361 5234 -1444444

368 5271 438 5324 ditur
457 5269 464 5322 l
485 5271 534 5322 474
560 5269 585 5322 1*
1047 5271 1065 5324 ll
1085 5269 1137 5322 413
1155 5285 1212 5336 erg.
1233 5271 1243 5322 l
1266 5271 1454 5324 -rationalis
1481 5279 1518 5324 est
1545 5285 1606 5324 vere
1631 5285 1686 5324 cor·
1722 5273 1842 5336 corporis
1862 5273 1979 5338 organici
1992 5287 2043 5324 non
2063 5275 2136 5324 441444
2150 5273 2297 5338 appetitum
2310 5283 2363 5322 nte·

419 5385 456 5400 -··
474 5373 526 5412 non
545 5367 586 5412 est
604 5361 751 5424 4444444414
769 5373 801 5410 ex
821 5361 957 5412 4441444444
976 5359 1009 5412 111
1047 5361 1120 5424 44444
1138 5359 1262 5424 peremtio
1281 5359 1299 5410 ll
1319 5357 1371 5412 449
1389 5373 1402 5410 4
1422 5365 1509 5412 -444
1528 5361 1610 5412 1444444
1631 5373 1686 5412 cor·
1723 5361 1812 5424 leriae,
1829 5361 1876 5414 sed
1895 5361 1974 5414 ltebet
1992 5361 2136 5424 appetitum
2163 5361 2194 5412 ad
2222 5361 2362 5424 suscipien·

368 5449 417 5500 936
439 5451 658 5502 44·-4414444144
678 5449 775 5502 nullam
800 5449 1010 5520 contrarietatem
1047 5445 1227 5514 4444411375
1249 5445 1283 5500 4*.
1305 5447 1327 5498 V
1346 5449 1397 5500 486
1419 5447 1444 5502 4.
1465 5447 1515 5502 496
1537 5451 1569 5500 13
1594 5477 1628 5488 -
1646 5455 1686 5502 est
1723 5451 1783 5502 dam
1804 5451 1918 5502 anltnem
1939 5451 1956 5502 ll
1978 5449 2027 5502 416
2049 5447 2076 5502 6*

367 5537 482 5590 4444141
506 5537 555 5590 464
577 5539 591 5590 4.
613 5537 757 5592 4111353
777 5551 833 5604 erg.
850 5537 866 5590 3
1046 5537 1170 5604 perieetlo
1191 5537 1311 5602 corporis
1329 5537 1429 5602 physici
1450 5539 1566 5602 organici
1584 5539 1604 5590 ll
1632 5539 1685 5592 375
1775 5565 1811 5578 -
1827 5541 1854 5590 14
1875 5541 1960 5590 anima
1982 5541 2095 5592 bumana
2115 5543 2164 5592 4441
2183 5539 2313 5604 appetitos
2327 5545 2361 5590 to·

404 5627 418 5678 3
438 5653 473 5666 -·
492 5623 527 5678 cle
543 5641 574 5678 44
593 5625 670 5680 babet
689 5627 827 5680 materiem
846 5633 873 5678 et
897 5629 1010 5678 sormam
1046 5641 1071 5678 a.
1088 5625 1140 5678 744
1160 5641 1174 5676 a
1196 5653 1229 5664 -
1256 5625 1386 5678 rationalis
1412 5631 1542 5678 44144144
1567 5633 1591 5678 41
1618 5633 1686 5682 ente·
1723 5631 1772 5680 tius
1793 5635 1899 5680 netrtrae
1921 5631 1937 5682 ll
1956 5629 1992 5680 56
2005 5627 2021 5682 4
2035 5657 2070 5666 -4
2083 5631 2196 5682 bominis
2215 5629 2361 5694 appetitum

369 5713 495 5766 414144.
518 5715 541 5766 5.
563 5713 613 5766 447
636 5713 670 5766 1*.
693 5715 1010 5770 4541.5·-4444444144
1046 5713 1536 5778 14444444444444144444444114454.
1560 5715 1582 5780 l,
1609 5719 1624 5768 4
1650 5745 1685 5754 -—
1723 5723 1829 5770 naturae
1850 5717 1994 5780 corporalis
2012 5717 2133 5770 terminat
2155 5717 2171 5768 ll
2192 5715 2243 5766 418
2270 5715 2300 5766 3*
2327 5745 2361 5754 -

367 5803 447 5856 babet
463 5811 552 5868 partes
566 5805 745 5856 constitutivas
761 5805 777 5854 ll
792 5801 843 5856 415
857 5801 936 5854 5*--
950 5805 1009 5872 quia
1046 5811 1084 5856 est
1103 5803 1188 5856 144444
1208 5805 1330 5854 444444144
1349 5805 1466 5866 corporis
1487 5801 1571 5854 11417
1590 5805 1608 5856 1.
1622 5805 1636 5856 4
1648 5811 1699 5844 -·
1722 5807 1854 5860 4444444144
1874 5815 1911 5858 444
1932 5807 2012 5858 lorma
2035 5805 2204 5872 nobilissima,
2228 5805 2259 5858 ad
2280 5819 2361 5872 qoam

367 5895 479 5958 creator,
492 5893 1008 5958 4444444444,4444441444444414444444
1046 5893 1146 5944 4414444
1165 5893 1269 5942 unionis
1287 5891 1321 5942 ed
1340 5903 1439 5954 corpus
1456 5899 1497 5944 est
1515 5893 1596 5944 lormo
1623 5895 1686 5948 sub·
1722 5901 1823 5948 caterae
1841 5895 1996 5948 ordinantor
2013 5895 2038 5946 V
2060 5895 2112 5946 485
2131 5895 2148 5946 b
2176 5921 2211 5934 -
2231 5895 2362 5946 rationalis

368 5981 386 6034 11
407 5979 458 6032 414
476 5979 494 6032 l.
515 5977 814 6034 3-4414444144144441
833 5983 897 6032 intra
911 5995 941 6034 se
957 5995 1010 6034 rna·
1046 5981 1170 6034 stantialis
1190 5983 1206 6034 11
1226 5979 1261 6032 56
1280 5979 1299 6032 4
1318 6007 1352 6020 -
1371 5985 1409 6032 est
1429 5981 1511 6032 444444
1531 5981 1686 6036 4444144444-
1722 5989 1761 6038 441
1779 5983 1941 6036 nobilissima
1959 5983 2053 6050 144444,
2072 5985 2106 6036 etl
2125 5997 2204 6050 qoem
2225 5981 2361 6036 ordinetur

368 6071 461 6124 1444444
479 6075 509 6122 44
521 6069 720 6124 fundamentum
734 6081 797 6122 soee
811 6069 961 6122 existentiae
974 6067 1008 6124 ib.
1046 6071 1085 6136 lis,
1106 6071 1148 6122 vel
1169 6069 1268 6122 babens
1285 6071 1396 6122 sormam
1418 6069 1436 6120 ll
1457 6067 1488 6120 48
1510 6085 1522 6120 4
1549 6099 1584 6110 -
1607 6087 1686 6138 vege·
1722 6079 1749 6126 et
1766 6075 1919 6144 terminator
1937 6075 2067 6138 appetitos
2086 6075 2172 6126 omnis
2186 6079 2292 6126 naturae
2306 6087 2361 6124 sen·

367 6157 539 6226 bsq.·-cst
558 6157 704 6224 composita
717 6157 907 6222 compositione
922 6159 1011 6210 intrin·
1046 6159 1132 6212 4444144
1150 6163 1175 6210 44
1194 6159 1323 6212 sensibilis
1340 6163 1380 6210 est
1397 6159 1479 6210 144444
1510 6159 1686 6214 substantialis
1722 6147 1848 6216 sibilis'ct
1868 6163 2010 6228 corporalis
2030 6163 2052 6214 V
2072 6163 2119 6214 441
2143 6159 2360 6228 4-4144414444

368 6261 443 6314 4444,
457 6261 525 6314 noae
537 6251 762 6314 praesupponitnr
773 6245 805 6298 ad
818 6245 1009 6300 multitudinem
1048 6247 1066 6300 ll
1086 6249 1138 6300 349
1157 6249 1175 6300 1.
1198 6247 1212 6300 4
1722 6255 1748 6306 44
1762 6253 1869 6306 materie
1882 6253 2018 6306 4441444144
2031 6251 2064 6304 ad
2078 6253 2192 6306 rationes
2205 6243 2362 6304 intellectua-

367 6339 558 6402 proprictatum
581 6337 588 6388 l
608 6335 1010 6400 475413-444444441444444
1046 6359 1049 6364 ·
1099 6351 1206 6390 -non
1224 6343 1265 6390 est
1282 6337 1396 6402 perlecta
1421 6347 1526 6404 natura,
1553 6337 1598 6390 sed
1625 6353 1686 6404 pars
1722 6341 1768 6408 les,
1791 6341 1907 6394 utnulla
1928 6341 2007 6392 modo
2026 6341 2138 6406 perlecta
2159 6341 2192 6394 sit
2210 6339 2371 6404 generatio,-

366 6425 402 6478 sit
419 6437 468 6488 per
479 6437 509 6476 se
522 6425 648 6492 existens,
662 6425 777 6492 aliquam
791 6425 1010 6488 compositionem
1046 6425 1163 6480 ordinata
1185 6427 1217 6480 ad
1237 6427 1347 6478 14444444
1368 6429 1506 6492 compositi
1520 6429 1554 6480 lV
1569 6429 1620 6480 883
1640 6428 1654 6480 4.
1669 6427 1686 6480 6
1723 6431 1770 6482 4144
1782 6431 1869 6482 444444
1893 6429 2024 6482 4444444114
2042 6431 2146 6480 oniator
2166 6429 2291 6482 materiae
2307 6441 2361 6480 cor·

368 6513 461 6580 babet,
482 6527 563 6580 qoam
584 6513 835 6566 aliaelormaenon
854 6519 915 6566 sont
935 6519 1011 6568 notae
1045 6523 1140 6570 -est
1159 6529 1220 6580 4444
1249 6515 1686 6570 44441414114111.4·-44144·
1724 6519 1805 6582 444414
1824 6519 1845 6570 V
1867 6517 1918 6570 344
1939 6519 1971 6570 46
1990 6547 2025 6556 --
2046 6519 2070 6570 ln
2090 6519 2176 6570 anima
2190 6517 2309 6570 rationali
2322 6523 2362 6568 est

368 6615 415 6666 per
434 6615 462 6654 44
480 6601 579 6654 444444
598 6603 679 6654 11415
695 6603 1010 6666 5*-Ρ444444444’41444-
1047 6605 1111 6656 44144
1132 6613 1170 6658 441
1190 6617 1251 6670 pars
1269 6605 1382 6656 bominis
1400 6613 1425 6658 et
1444 6619 1520 6658 suurn
1540 6621 1597 6658 esse
1619 6621 1686 6660 cont·
1723 6607 1780 6660 ilnis
1801 6609 1973 6672 generationis
1988 6587 2009 6660 V
2024 6609 2074 6658 334
2098 6607 2128 6658 18
2141 6635 2177 6644 -
2189 6609 2304 6658 nomana
2322 6613 2362 6656 est

365 6705 423 6744 seca
438 6693 527 6756 priora
539 6697 599 6744 sont
611 6693 698 6744 anima
714 6705 762 6756 per
772 6695 891 6744 natoram
901 6693 918 6744 ll
933 6693 967 6744 56
982 6689 1011 6744 4*
1047 6693 1147 6756 pletum
1167 6693 1246 6744 nabet
1264 6695 1288 6744 in
1311 6699 1363 6744 toto
1383 6697 1401 6746 ll
1421 6693 1454 6746 49
1473 6693 1492 6746 1.
1513 6697 1608 6746 3-41
1625 6709 1686 6748 caro
1722 6695 1779 6748 6444
1800 6699 1917 6748 omnium
1937 6701 1961 6750 et
1973 6697 2164 6750 consommatio
2185 6699 2201 6748 ll
2217 6693 2308 6748 4186*
2324 6719 2361 6732 -

417 6783 609 6838 -ralionells
641 6781 772 6834 denudata
799 6789 838 6834 cst
865 6793 881 6832 a
910 6783 1011 6832 ratione
1047 6783 1300 6848 44444114444444444
1321 6785 1500 6838 constitutivas
1520 6787 1632 6838 nominis
1659 6787 1685 6836 in
1722 6783 1863 6838 6444444444
1876 6787 2007 6840 4444444114
2019 6783 2360 6850 444441444444441444444444

366 6873 504 6936 materiae,
526 6879 652 6936 quaeest
677 6885 756 6924 causa
782 6871 962 6936 permixtionis
984 6879 1011 6924 et
1047 6871 1220 6924 abstractione
1240 6873 1268 6924 141
1292 6871 1339 6924 174
1359 6871 1389 6924 4*
1406 6901 1442 6914 -
1465 6879 1606 6940 41444444
1626 6883 1686 6928 sont
1724 6875 1875 6928 animalium
1895 6891 1943 6928 soa
1961 6873 2086 6938 dignitate
2101 6881 2265 6928 consummat
2279 6873 2312 6926 ib.
2331 6871 2361 6924 4*
