5792 8392
616 655 617 658 =
1172 609 1287 676 INDEX
1309 607 1467 674 TERTIUS
1548 673 1550 676 .

605 701 666 756 itt-:c
1538 693 1540 698 ’
1973 691 2022 746 orl

375 791 502 852 —prius
522 797 560 842 est
579 801 660 854 quam
683 785 807 852 possibile
828 785 852 838 V
871 785 921 836 444
941 785 960 836 i.
996 787 1196 850 contingentiae,
1215 791 1239 836 et
1260 783 1353 836 dicitur
1370 785 1571 848 consequentis;
1595 795 1634 836 re·
1670 779 1781 832 tirmatio
1799 783 1916 844 opposita
1939 793 1998 832 eum
2023 779 2159 842 negatione
2183 777 2307 842 implicita

322 875 393 926 8-
413 875 568 938 Sitopliciler
590 875 763 928 necessarium
791 871 904 926 nobilius
921 877 960 926 est
996 875 1113 936 spectiva
1133 873 1227 926 dicitur
1244 873 1445 938 consequentiae
1469 876 1494 923 et
1519 881 1570 922 non
1589 883 1634 932 op·
1670 867 1700 920 tu
1718 865 1770 920 054
1788 865 1827 918 3*.
1848 867 1900 920 055
1917 867 1937 920 0
1955 895 1989 908 -
2009 867 2127 932 explicita
2152 865 2211 930 ptus
2228 867 2307 926 negat

322 975 403 1028 quam
422 961 546 1026 possibile
563 965 620 1016 sive
638 965 793 1028 contingens
809 959 836 1012 V
854 959 887 1012 68
908 959 924 1012 4.
944 959 960 1010 4
997 961 1104 1022 ponitur
1115 959 1274 1024 contingenti
1292 959 1301 1010 l
1321 959 1372 1010 645
1386 957 1412 1010 b.
1424 959 1476 1010 840
1495 971 1558 1010 4-
1572 971 1635 1010 004·
1670 967 1749 1020 quem
1770 953 1893 1016 implicita
1910 957 1940 1008 lll
1960 953 2013 1008 057
2031 953 2060 1006 4*

374 1077 411 1104 -.·
428 1051 455 1104 44
476 1051 626 1104 necessariis
646 1055 684 1104 est
710 1047 837 1106 certitudo
862 1061 893 1098 ex
920 1059 962 1098 40-
996 1049 1149 1112 sequentiae
1166 1059 1219 1098 400
1237 1045 1299 1098 64044
1318 1043 1467 1112 qualitatem
1485 1043 1632 1098 absolutam
1721 1067 1758 1082 -·
1776 1055 1791 1094 e
1809 1045 1938 1094 contrario
1957 1057 1984 1094 se
2011 1043 2105 1094 liabent
2130 1039 2307 1094 4444404044004·

320 1151 380 1190 rum
402 1139 537 1202 principiis
555 1137 728 1190 determinate
750 1137 864 1200 acceptis
884 1135 907 1188 V
926 1135 960 1186 06
997 1135 1005 1186 l
1027 1133 1113 1186 8000
1669 1129 1720 1184 044
1738 1129 1767 1182 444
1786 1129 1836 1180 853
1856 1127 1894 1182 4*.
1913 1131 1964 1182 800
1989 1133 2016 1184 d.
2036 1133 2044 1182 4
2068 1157 2103 1170 -
2122 1143 2150 1184 44
2168 1127 2265 1180 babent
2290 1139 2306 1178 4

323 1223 370 1276 48*
386 1251 424 1264 ·-
441 1223 546 1290 Quanto
561 1224 662 1292 aliquid
679 1225 765 1290 magis
784 1229 821 1274 est
845 1235 960 1276 necessa·
1049 1249 1085 1262 —-
1099 1223 1260 1286 impossibile
1279 1225 1325 1286 est,
1339 1223 1517 1274 necessitatem
1535 1235 1594 1274 esse
1606 1223 1633 1272 in
1670 1217 1798 1270 contrario
1818 1217 2033 1272 affirmationibus
2057 1223 2183 1286 quantum
2208 1217 2242 1268 ad
2267 1227 2307 1268 04-

321 1315 401 1378 44004,
421 1313 653 1376 tantoestmagis
676 1317 777 1366 certum
805 1311 961 1362 certitudine
997 1311 1144 1376 composito
1171 1309 1220 1362 nisi
1244 1323 1291 1374 per
1320 1309 1496 1362 necessilatem
1526 1311 1635 1362 existen·
1669 1301 1932 1358 peruertitur
1956 1331 1991 1344 ι-
2010 1313 2080 1360 44444
2099 1319 2183 1372 genus
2202 1315 2307 1368 semper

322 1399 516 1464 simpliciterV
542 1401 591 1452 400
617 1397 647 1450 8*
671 1425 704 1436 -
730 1397 805 1466 Quod
831 1401 962 1462 repugnat
997 1401 1049 1448 lem
1068 1399 1095 1448 in
1112 1397 1225 1462 simplici
1244 1397 1266 1448 V
1288 1397 1338 1448 407
1357 1396 1371 1448 t.
1394 1397 1409 1448 6
1670 1405 1699 1444 se
1717 1391 1795 1444 babet
1823 1393 1950 1444 contrarie
1976 1395 2154 1460 affirmationi,
2183 1393 2226 1446 sed
2255 1405 2304 1442 non

323 1487 472 1540 certitudini
491 1493 515 1540 et
535 1487 679 1540 evidentiae
692 1501 724 1540 en
737 1493 810 1552 perte
830 1487 865 1538 rei
884 1499 963 1550 repu·
1050 1513 1087 1526 -·
1103 1483 1210 1552 tttrano
1228 1499 1335 1538 neeesse
1352 1491 1393 1538 444
1409 1499 1467 1536 4444
1483 1485 1526 1538 444
1538 1485 1635 1550 simpli·
1670 1493 1777 1544 semper
1795 1481 1899 1544 negatio
1916 1481 1944 1532 iu
1964 1493 2060 1544 genere
2079 1483 2086 1532 l
2106 1481 2156 1534 lits
2177 1481 2206 1534 3*

322 1583 384 1640 gnat
405 1577 549 1628 necessitati
568 1577 592 1628 V
613 1575 664 1630 440
682 1573 714 1628 7*
997 1577 1069 1636 04444,
1089 1573 1130 1626 444
1160 1577 1187 1626 04
1216 1571 1311 1626 04004
1338 1571 1390 1624 645
1409 1569 1448 1622 3*.
1476 1571 1577 1624 444048
1605 1571 1635 1622 4*
1723 1595 1760 1606 -
1778 1581 1881 1620 summe
1899 1571 2040 1634 opponitur
2063 1571 2241 1634 affirmationi,
2261 1565 2307 1620 ubi

376 1689 413 1704 -
430 1667 619 1730 praesupponit
638 1677 732 1718 verum
752 1661 776 1712 V
797 1661 848 1714 440
865 1661 960 1726 arg.6
1001 1659 1063 1714 Vide
1088 1661 1115 1714 V.
1140 1661 1272 1716 Praesens
1295 1667 1321 1712 04
1349 1661 1377 1712 V.
1403 1659 1583 1714 Praeteritum
1607 1661 1634 1712 lu
1670 1655 1731 1708 444044
1752 1657 1851 1720 ponitl
1872 1655 1921 1708 tte
1944 1655 1970 1708 4*
1986 1655 2049 1712 Vide
2072 1659 2099 1712 V.
2120 1655 2307 1712 0040444400.

376 1779 413 1792 -
435 1763 514 1804 omne
534 1759 571 1804 est
591 1751 679 1804 scibile
699 1753 723 1804 V
743 1749 793 1802 107
810 1763 867 1816 arg.
887 1749 905 1802 7
925 1777 962 1788 -
989 1749 1085 1802 'iudice
1103 1763 1192 1814 gener.
1723 1771 1759 1784 -
1782 1745 1823 1796 46
1847 1745 1995 1810 negativam
2025 1749 2227 1812 propositionem
2255 1757 2306 1796 non

322 1841 408 1892 solum
432 1847 522 1892 uatum
549 1845 588 1892 est
614 1841 756 1892 certissime
786 1839 909 1902 cognosci
935 1837 961 1888 V
1049 1865 1087 1878 -
1105 1839 1189 1890 404444
1208 1837 1359 1900 simpliciter
1376 1835 1524 1900 aequivalet
1548 1851 1635 1890 neces·
1670 1835 1788 1900 sequitur
1806 1831 1893 1898 aliqua
1910 1835 2048 1886 4644444440
2069 1837 2076 1886 l
2097 1837 2106 1886 l
2114 1835 2181 1886 554.
2195 1835 2217 1886 V
2230 1833 2265 1884 50
2277 1829 2307 1882 5*

323 1927 370 1978 444
393 1943 416 1978 a
438 1905 440 1910 ⁸
997 1927 1065 1978 sario
1086 1941 1094 1990 1
1112 1925 1165 1976 676
1183 1925 1214 1976 0*
1724 1949 1760 1962 -
1778 1919 1880 1986 Aliquid
1900 1919 1993 1972 dicitur
2012 1925 2135 1988 negative
2156 1923 2191 1976 de
2209 1923 2305 1988 aliquo,

375 2015 577 2066 -naturaliter
597 2017 682 2068 insunt
701 2015 726 2066 V
745 2013 795 2064 440
813 2027 870 2078 arg.
891 2015 907 2066 0
924 2039 962 2052 -
1050 2015 1139 2066 -Ex
1158 2015 1249 2066 maiori
1269 2011 1301 2064 de
1320 2015 1467 2066 necessario
1490 2019 1518 2066 et
1539 2015 1633 2066 minori
1670 2009 1742 2076 quod
1763 2007 1910 2060 nonhabet
1933 2009 1997 2060 illud
2016 2023 2064 2062 neo
2088 2017 2129 2064 est
2152 2019 2241 2064 aarum
2262 2011 2307 2060 lra-

322 2103 468 2156 Neeessitas
486 2101 593 2156 omnino
615 2103 751 2156 intrinseca
773 2103 841 2156 inest
864 2103 903 2154 rei
929 2113 962 2152 ex
998 2101 1032 2154 de
1054 2105 1141 2154 inesse
1167 2103 1318 2168 simpliciter
1338 2115 1442 2166 semper
1471 2103 1635 2156 concluditur
1670 2097 1733 2150 bere
1753 2097 1761 2146 i
1779 2093 1832 2148 776
1850 2111 1874 2146 0.
1894 2095 1926 2146 lV
1947 2095 1996 2148 357
2018 2093 2046 2148 4*
2065 2123 2099 2136 -
2119 2099 2306 2174 privatactum

324 2193 431 2256 propria
450 2189 585 2244 naturaV
607 2191 692 2242 4070
772 2189 773 2192 ’
997 2189 1032 2242 de
1051 2191 1200 2244 necessario
1219 2193 1226 2242 t
1245 2189 1297 2240 675
1316 2187 1347 2240 0*
1449 2239 1451 2246 ,
1670 2191 1697 2238 04
1715 2183 1884 2248 aptitudinem
1904 2183 1911 2234 l
1932 2183 1982 2234 440
2003 2181 2040 2236 ui.
2058 2185 2077 2238 lt
2096 2185 2148 2236 444
2166 2183 2197 2238 0*

374 2305 413 2320 -
429 2291 507 2330 omne
527 2285 564 2334 est
582 2279 731 2332 absolutum
756 2291 804 2330 040
822 2277 903 2330 444044
923 2291 961 2330 re·
1050 2279 1162 2332 Nsotrro
1174 2307 1209 2318 --
1224 2279 1365 2342 propositio
1380 2281 1501 2342 negativa
1516 2287 1635 2332 removet
1723 2297 1760 2312 -·
1778 2285 1830 2324 pen
1849 2271 1909 2324 dicit
1928 2271 2117 2326 deformitatem
2134 2273 2149 2324 tl
2165 2273 2215 2326 iti
2228 2271 2259 2326 0*
2271 2301 2307 2314 -

321 2373 441 2432 spectum
461 2367 495 2420 ad
513 2367 613 2432 aliquid
631 2381 645 2418 a
666 2381 693 2420 se
707 2365 857 2420 distinctum
870 2365 894 2418 V
909 2365 959 2416 440
997 2367 1176 2432 praedicatum
1196 2381 1212 2420 4
1230 2365 1347 2420 subiecto
1366 2369 1390 2420 V
1410 2369 1442 2420 50
1463 2367 1492 2420 5*
1671 2375 1736 2426 pura
1758 2373 1809 2412 non
1829 2359 1891 2414 dicit
1907 2361 2067 2414 nobilitatem
2087 2363 2094 2414 l
2115 2363 2164 2414 407
2186 2377 2199 2414 a

322 2469 378 2522 arg.
413 2455 427 2508 4
455 2483 493 2496 -
524 2455 679 2520 Simpliciter
716 2455 891 2506 necessarium
921 2459 962 2506 est
1050 2483 1086 2494 --
1103 2453 1191 2510 Oratio
1212 2457 1331 2522 negativa
1351 2457 1412 2506 niltil
1427 2459 1501 2518 ponit
1521 2457 1529 2508 l
1547 2455 1634 2508 8004
1724 2477 1760 2486 -
1778 2461 1845 2512 pure
1863 2463 1914 2500 pen
1934 2447 2070 2516 distinguit
2088 2451 2095 2500 i
2115 2449 2201 2504 4974

322 2545 429 2596 0404400
446 2543 627 2608 independens
647 2543 671 2596 V
689 2543 724 2594 68
743 2543 760 2594 i.
782 2543 797 2594 4
996 2558 1111 2598 -cum
1136 2545 1278 2598 constantia
1302 2543 1412 2596 subiecti
1438 2543 1536 2612 aliquid
1562 2545 1636 2608 ponit
1724 2565 1761 2578 ·-·
1779 2537 1911 2590 contundit
1931 2539 1938 2588 Ι
1959 2537 2010 2588 405
2028 2537 2055 2590 6.
2075 2539 2089 2590 3
2108 2539 2307 2604 —postposita

320 617 385 682 [470

375 2659 412 2672 -·
429 2639 470 2684 est
487 2631 650 2684 immutabile
669 2633 677 2684 t
696 2633 747 2684 647
768 2645 822 2696 erg.
845 2633 870 2684 6.
888 2631 960 2684 440
997 2635 1025 2684 40
1043 2633 1185 2688 subiectat
1208 2633 1258 2686 408
1280 2629 1307 2684 4*
1324 2662 1361 2670 -
1385 2635 1410 2684 44
1429 2647 1527 2698 genere
1550 2635 1637 2698 privat
1672 2627 1781 2680 reietire
1799 2627 1887 2690 ipsum
1906 2639 1958 2678 000
1976 2627 2110 2680 contundit
2130 2625 2192 2680 iiiii·

321 2721 340 2774 r.
361 2719 403 2772 tn.
422 2717 453 2772 44
476 2721 492 2772 4.
510 2719 538 2774 t.
555 2721 579 2772 4
599 2721 650 2773 tto
668 2723 717 2774 nr
997 2735 1081 2774 unum
1106 2727 1132 2774 44
1157 2725 1230 2788 pontt
1253 2723 1413 2776 contrarium
1431 2723 1439 2774 4
1460 2721 1511 2774 tar
1536 2721 1561 2774 4.
1583 2723 1635 2776 404
1725 2743 1762 2756 -
1780 2715 1925 2780 praeposite
1952 2717 2057 2768 omnino
2083 2729 2097 2768 e
2126 2715 2242 2768 subiecto
2270 2729 2308 2768 re·

375 2837 412 2848 -
430 2813 470 2860 est
487 2807 682 2874 incorruptibile
702 2809 772 2862 V68
791 2809 807 2862 t.
829 2807 845 2860 4
870 2835 909 2848 -
925 2807 963 2860 di·
997 2811 1059 2864 du
1476 2817 1478 2822 ·
1673 2809 1763 2858 movet
1780 2803 1959 2868 praedicatum
1977 2805 1985 2856 t
2006 2805 2037 2856 03
2058 2801 2087 2856 3*
2103 2829 2141 2842 -
2159 2805 2307 2870 praeposita

322 2897 388 2952 eltur
417 2909 475 2948 esse
496 2899 586 2948 verius
605 2911 683 2964 quam
709 2881 873 2962 contingens,
901 2897 961 2964 quia
1052 2927 1089 2938 -
1105 2903 1174 2952 extra
1204 2913 1287 2964 genus
1315 2899 1470 2962 generaliter
1496 2901 1586 2962 privat
1610 2905 1637 2950 et
1673 2895 1748 2960 signo
1770 2893 1907 2944 universali
1925 2895 1985 2946 iacit
2003 2893 2179 2960 aequipollere
2198 2893 2309 2960 partica:

322 2983 468 3038 durabilius
488 2985 521 3038 tV
541 2985 591 3036 563
608 2983 635 3036 4*
655 3013 689 3024 -
708 2991 839 3038 00400044
851 2985 963 3038 40404444-
998 2999 1050 3038 000
1070 2987 1144 3050 ponit
1162 2987 1260 3054 aliquid
1279 2987 1287 3038 l
1306 2985 1357 3038 407
1377 2985 1396 3038 b
1414 3015 1449 3024 ...
1469 2991 1537 3038 extra
1550 3001 1635 3050 genus
1672 2981 1719 3032 ieri
1737 2981 1868 3044 negeiive,
1888 2981 2029 3046 postposite
2048 2981 2108 3034 iecit
2132 2981 2307 3048 aequipollere

320 3071 408 3124 nabile
428 3071 450 3122 V
473 3075 503 3124 40
524 3073 542 3124 i.
560 3073 589 3124 04
999 3075 1060 3126 44044
1082 3077 1179 3138 ponitt
1201 3075 1250 3128 408
1273 3071 1299 3122 4*
1316 3101 1353 3112 -
1370 3075 1397 3124 in
1416 3087 1513 3138 genere
1535 3079 1635 3126 remoto
1672 3083 1721 3122 suo
1739 3071 1869 3122 contrarie
1889 3071 1915 3120 ltt
1941 3071 1990 3120 868
2020 3083 2034 3122 4
2058 3097 2093 3110 -
2112 3071 2237 3122 Termino
2267 3071 2308 3122 be·

374 3187 411 3198 -
429 3159 588 3224 Conungens
614 3173 665 3212 nou
692 3163 780 3224 potest
801 3173 860 3210 esse
881 3171 962 3210 causa
998 3169 1025 3212 et
1042 3169 1111 3214 44444
1141 3175 1226 3226 genus
1252 3161 1402 3224 proximum
1429 3163 1517 3224 privat
1544 3175 1635 3228 onum,
1672 3155 1742 3208 beati
1763 3157 1872 3208 termam
1893 3171 1943 3208 non
1963 3155 2249 3222 multiplicabitemnon
2264 3155 2309 3208 dit·

321 3247 435 3298 alliciens
454 3253 481 3300 et
498 3259 658 3300 conservans
680 3247 737 3300 etus
755 3245 827 3312 quod
856 3251 895 3298 est
917 3259 963 3296 ne·
998 3251 1071 3314 ponit
1092 3257 1176 3302 tameo
1190 3247 1289 3316 aliquid
1303 3251 1408 3312 generis
1424 3248 1635 3302 4400044070
1673 3245 1721 3296 tert
1739 3257 1902 3308 praeponere
1919 3249 1946 3296 et
1964 3251 2121 3308 postponere
2143 3247 2307 3312 negationem

321 3333 467 3388 cessariuui
486 3347 535 3400 per
552 3349 579 3386 se
599 3339 623 3386 et
642 3335 794 3398 simpliciter
811 3333 841 3384 lli
860 3331 912 3386 048
932 3331 962 3384 4*
1050 3351 1158 3390 -non
1175 3339 1262 3402 priv'at
1275 3335 1383 3388 modum
1403 3335 1565 3400 significandi
1580 3337 1635 3390 sino
1672 3333 1733 3384 408
1754 3347 1778 3398 4,
1798 3329 1836 3382 3*.
1856 3331 1946 3384 4040.
1961 3333 1984 3384 3.
2000 3333 2028 3384 tll
2046 3333 2097 3386 473
2117 3331 2308 3386 ii-zuitiert

375 3451 411 3462 --
429 3425 587 3488 competitur
606 3437 633 3474 se
653 3437 713 3476 cum
734 3423 803 3476 omni
825 3419 960 3484 possibltit
998 3425 1128 3476 dicendll
1151 3425 1198 3476 400
1226 3425 1240 3478 4.
1269 3423 1338 3476 6-
1360 3425 1500 3476 Terminus
1526 3431 1635 3488 negatus
1672 3419 1773 3472 dicere:
1795 3419 1902 3486 quidem
1928 3423 2009 3472 hemo
2028 3435 2079 3474 004
2098 3423 2193 3486 currit,
2212 3429 2236 3476 ei
2256 3433 2306 3472 000

323 3509 376 3562 677
395 3511 414 3564 4.
434 3511 499 3562 0-
517 3511 546 3562 Si
563 3511 627 3562 nibil
647 3515 685 3564 est
698 3509 886 3572 necessarium,
900 3511 960 3560 04044
998 3513 1075 3566 trabit
1094 3513 1308 3578 significationem
1328 3511 1361 3564 ab
1390 3513 1518 3566 aitirmalo
1547 3515 1553 3564 4
1584 3513 1635 3566 505
1673 3509 1782 3574 quidam
1799 3509 1879 3560 homo
1898 3511 1977 3562 currit
1996 3509 2019 3562 V
2038 3509 2089 3562 548
2108 3511 2144 3562 00

322 3599 583 3662 estimposslbileV
606 3597 656 3650 407
676 3599 728 3652 45
948 3655 950 3658 ,
998 3599 1026 3652 d.
1045 3603 1059 3652 0
1079 3627 1114 3640 --
1143 3603 1168 3652 40
1192 3603 1303 3654 termino
1332 3601 1462 3652 atitrmato
1485 3609 1511 3654 et
1540 3607 1635 3668 negato
1726 3625 1762 3636 -
1779 3611 1840 3650 cum
1857 3599 2000 3650 constantia
2019 3597 2128 3650 subiecti
2151 3599 2309 3666 aequipollet

375 3687 525 3740 Necessum
555 3713 592 3726 -
620 3687 766 3740 secundum
795 3685 961 3752 quadruplex
997 3695 1038 3740 est
1054 3689 1123 3740 idem
1145 3689 1317 3754 significatum
1339 3690 1346 3741 l
1366 3687 1416 3740 404
1436 3701 1461 3740 4.
1480 3689 1533 3740 505
1553 3689 1613 3740 du
1672 3689 1782 3740 termiue
1802 3699 1872 3738 mere
1892 3689 2022 3752 privativo
2040 3687 2049 3738 l
2070 3687 2157 3740 0300

322 3759 406 3840 genus
425 3789 518 3828 causae
538 3775 564 3828 ill
594 3773 645 3826 350
669 3773 741 3828 b-
764 3779 803 3826 est
827 3775 960 3842 materiae,
1051 3805 1086 3814 -ω
1105 3779 1248 3842 propositio
1268 3779 1391 3840 negativa
1409 3777 1533 3830 tundatur
1550 3779 1577 3830 in
1596 3791 1635 3830 or·
1724 3803 1761 3816 --
1778 3775 1905 3830 antecedit
1923 3777 2148 3842 compositionem,
2166 3789 2247 3842 quam
2267 3787 2308 3826 ne·

320 3863 365 3914 vel
381 3863 516 3914 efficientis
535 3863 567 3916 lV
588 3863 638 3914 800
660 3861 687 3916 3*
996 3863 1201 3918 0440464444
1223 3865 1273 3918 800
1301 3863 1331 3914 3*
1355 3890 1394 3902 -
1419 3879 1487 3932 quae
1517 3881 1568 3918 000
1596 3871 1635 3920 044
1672 3865 1743 3930 gart
1764 3863 1814 3914 380
1835 3863 1924 3928 argi

375 3977 411 3988 —-
428 3951 471 4004 404
490 3957 528 4004 est
539 3953 696 4016 simpliciter,
719 3951 758 4004 vel
776 3949 957 4016 conditionata,
995 3967 1061 4016 pura
1083 3955 1194 4018 negatio,
1215 3951 1338 4006 tundatur
1355 3965 1434 4016 supra
1455 3955 1609 4018 positionem
1625 3955 1633 4006 l
1726 3977 1761 3990 -·
1778 3951 1846 4004 duae
1864 3952 2030 4018 aequivalent
2048 3955 2092 4004 uni
2112 3953 2277 4004 affirmationi
2299 3953 2308 4002 l

319 4039 384 4092 sicut
403 4037 542 4092 comedere
559 4041 789 4094 necessariumest
801 4039 891 4092 vivere
911 4051 957 4090 vo·
995 4041 1047 4094 533
1067 4041 1086 4094 i.
1104 4043 1119 4094 0
1143 4039 1206 4094 Vide
1228 4041 1256 4094 V.
1279 4037 1605 4110 Veritus-propositionis.
1672 4039 1722 4092 438
1742 4053 1800 4104 arg.
1820 4041 1836 4092 0

320 4127 380 4180 40044
400 4127 433 4178 lV
453 4127 504 4180 474
524 4141 539 4180 4
557 4155 592 4164 -
611 4133 651 4180 444
669 4125 795 4192 40404044,
808 4127 851 4178 441
869 4127 957 4178 condi·
1048 4155 1083 4168 -
1103 4127 1161 4194 plus
1179 4126 1256 4194 tollit,
1286 4139 1364 4192 quam
1395 4135 1474 4190 ponat
1495 4129 1633 4180 0044404440
1724 4155 1760 4166 -
1778 4129 1863 4178 Prima
1876 4131 2307 4196 cognoscunturperrogationem

318 4215 414 4268 tlonata
434 4215 462 4266 lll
484 4213 536 4268 567
554 4211 585 4266 4*
610 4241 645 4254 -
671 4211 791 4268 40404044
815 4217 958 4280 opponitur
992 4215 1023 4266 tll
1044 4215 1095 4268 447
1114 4215 1140 4268 6.
1161 4217 1176 4268 3
1194 4243 1230 4254 -
1248 4215 1486 4280 plostellit,quam
1506 4217 1635 4280 popatat·
1670 4215 1788 4268 44070

374 4913 501 4970 04440444
520 4945 555 4956 -
574 4919 661 4980 potest
678 4915 729 4970 dici
756 4917 864 4970 materie
890 4917 958 4970 circa
995 4917 1021 4968 in
1041 4915 1212 4970 consideratis
1231 4917 1375 4970 secuudum
1396 4919 1507 4972 rationes
1528 4919 1591 4972 alias
1609 4924 1634 4972 el
1723 4947 1758 4958 -
1777 4919 1920 4970 secundum
1935 4919 2053 4972 ordinem
2069 4921 2211 4974 naturalem
2224 4921 2308 4972 intlutl

321 5017 400 5070 quam
422 5007 429 5058 l
448 5003 464 5056 8
485 5003 512 5058 0*
531 5031 566 5052 —·
585 5003 759 5072 poteslsimul
776 5017 833 5058 esse
846 5003 905 5058 linis
917 5005 959 5058 ba·
995 5005 1057 5058 altas
1076 5011 1115 5060 est
1133 5005 1272 5060 diversitas
1291 5007 1407 5060 turmalis
1424 5007 1557 5060 1417886.
1574 5007 1634 5060 l·-
1670 5009 1695 5060 40
1715 5021 1844 5072 organum
1863 5009 1898 5058 lV
1916 5009 1986 5060 4000
2006 5011 2022 5060 4.
2042 5009 2057 5060 4
2077 5037 2111 5048 -
2131 5013 2242 5062 exterius
2255 5021 2306 5062 non

319 5091 388 5146 bitus
408 5091 471 5146 eliu.
509 5087 511 5090 ’
995 5107 1043 5158 004
1061 5093 1182 5148 40046004
1208 5099 1264 5150 4440
1289 5095 1420 5150 materiale
1447 5103 1473 5150 et
1499 5095 1632 5150 obtectum
1670 5099 1725 5162 agit
1741 5099 1767 5148 in
1787 5097 1901 5148 enimam
1919 5111 1968 5150 400
1980 5097 2083 5162 perlicit
2095 5099 2178 5162 ipsam
2194 5099 2211 5152 ll
2224 5097 2307 5150 5380

373 5207 409 5242 r·-
428 5179 492 5234 illud
510 5187 550 5234 est
567 5179 715 5235 subtectum
735 5183 758 5232 ln
786 5181 906 5246 scientia,
925 5179 959 5234 de
995 5195 1045 5246 per
1061 5197 1091 5236 se
1109 5189 1220 5248 possunt
1238 5183 1342 5236 diiterre
1359 5185 1447 5248 speeie
1466 5185 1507 5238 vel
1528 5199 1633 5250 genere,
1724 5183 1809 5236 04040
1827 5211 1863 5222 -
1881 5193 1919 5238 044
1931 5187 2047 5250 acceptio
2061 5189 2140 5240 unius
2151 5179 2231 5252 partis
2246 5201 2306 5240 cum

320 5281 373 5334 quo
386 5273 413 5320 et
431 5267 465 5320 de
484 5269 558 5322 cuius
576 5269 781 5332 proprietatibus
796 5273 835 5322 est
853 5269 958 5322 seientia
994 5271 1044 5324 sed
1070 5273 1147 5324 unlus
1169 5273 1275 5328 babitus
1301 5279 1341 5326 est
1367 5285 1418 5324 una
1445 5273 1511 5324 ratio
1539 5271 1632 5326 obiecti
1670 5273 1807 5326 tormidine
1828 5273 1931 5326 litterius
1952 5275 2019 5326 4844
2043 5273 2082 5330 5*.
2100 5275 2192 5328 444500
2211 5275 2304 5342 argi,

320 5357 399 5408 total
422 5357 436 5408 6
454 5357 473 5408 i.
493 5357 501 5408 4
526 5385 561 5398 -
580 5355 734 5410 Subiectum
752 5357 778 5408 in
796 5357 903 5430 scientia
917 5357 959 5410 da·
995 5359 1072 5422 primi
1091 5361 1119 5412 lll
1139 5357 1189 5412 470
1210 5375 1225 5412 4
1248 5373 1289 5426 sq.
1307 5359 1342 5412 lV
1364 5361 1415 5412 386
1443 5359 1473 5412 3*
1499 5387 1533 5400 --
1561 5361 1634 5428 quod
1669 5361 1735 5414 b-
1754 5361 1895 5426 aliquando
1913 5363 2008 5414 dicitur
2021 5365 2136 5428 acceptio
2149 5365 2250 5416 animae
2265 5377 2307 5428 ge·

319 5441 365 5496 bet
381 5445 519 5510 complecti
539 5459 626 5512 omne,
647 5445 958 5512 quoddeterminaturiu
994 5453 1035 5500 est
1051 5447 1121 5500 idem
1143 5447 1290 5502 secundum
1312 5447 1499 5510 substantiam,
1528 5449 1634 5502 44664-
1671 5453 1758 5502 nerata
1778 5463 1806 5498 ex
1827 5449 1970 5502 rationibus
1992 5451 2171 5514 probabilibus
2197 5453 2224 5504 lll
2253 5451 2304 5504 500

320 5531 363 5586 illa
380 5529 416 5586 t'b.
434 5533 520 5598 argi
545 5559 579 5572 -··
600 5531 752 5588 Subiectum
777 5535 900 5586 seleutias
917 5535 959 5584 vel
995 5549 1103 5588 versum
1121 5537 1409 5590 secundumrationem
1425 5536 1634 5600 movendi,tacil
1670 5537 1741 5588 b-
1762 5537 1786 5588 40
1805 5537 1927 5600 opinione
1948 5543 2206 5604 estaccepliounius
2223 5541 2305 5606 partis

320 5617 424 5688 dicitur,
443 5619 480 5672 46
497 5621 568 5686 0406
589 5623 677 5674 omnia
704 5621 866 5676 reducuntur
893 5623 960 5674 sicut
995 5623 1172 5678 diversitatem
1190 5627 1217 5676 in
1238 5631 1296 5688 actu
1316 5631 1344 5676 et
1361 5625 1450 5676 babitu
1470 5629 1494 5678 et
1520 5627 1632 5690 potentia
1670 5627 1725 5692 sine
1744 5625 1820 5690 pteue
1839 5639 1946 5678 assensu
1966 5627 2123 5680 credulitatis
2141 5627 2223 5682 44540
2244 5613 2319 5682 b-ss

320 5705 355 5760 ad
375 5709 533 5772 principium
551 5709 813 5776 4404044440144004
828 5709 958 5762 46404404
996 5711 1024 5764 lil
1044 5711 1095 5762 503
1115 5709 1144 5762 5*
1670 5711 1829 5778 Opinionem
1847 5717 2034 5768 contrariarum
2057 5717 2124 5768 nulla
2144 5723 2182 5768 est
2205 5723 2274 5772 44440
2295 5719 2304 5768 l

320 5795 452 5860 integrale,
473 5794 514 5846 vel
535 5795 654 5848 4400446
679 5803 760 5850 totum
785 5797 958 5848 universalel
1048 5825 1083 5840 -
1103 5811 1153 5850 non
1172 5803 1288 5864 oportet,
1307 5799 1378 5864 quod
1405 5801 1435 5852 sit
1460 5801 1572 5852 nobilius
1586 5795 1632 5852 04-
1670 5799 1977 5866 strangu-meotide
1989 5807 2116 5858 contrarie
2129 5807 2303 5870 opinantibus,

319 5879 336 5932 7
356 5897 370 5936 4
388 5909 425 5924 -
442 5881 505 5934 44406
525 5891 564 5936 044
582 5883 730 5936 subiectum
748 5885 774 5934 iu
794 5883 909 5948 scientia,
921 5897 959 5936 se·
993 5899 1071 5952 gano,
1086 5889 1110 5938 io
1130 5885 1201 5954 quod
1222 5885 1284 5952 agit,
1298 5885 1458 5952 simpliciter,
1478 5889 1524 5940 sed
1542 5901 1632 5942 secuu-
1668 5891 1731 5942 alter
1744 5889 1872 5954 decipitur
1885 5897 1910 5942 el
1922 5899 1990 5944 errat
2003 5891 2037 5946 tlt.
2048 5907 2105 5958 arg.
2120 5897 2136 5946 0
2152 5919 2187 5932 -
2201 5899 2238 5948 est
2252 5907 2302 5946 uua

319 5969 435 6048 eundum
454 5971 531 6026 cuius
548 5969 704 6026 divisionem
726 5969 852 6024 dividitur
878 5973 958 6024 scien·
994 5973 1057 6026 dum
1078 5975 1154 6040 quid,
1167 5975 1229 6042 quia
1247 5973 1325 6026 babet
1344 5975 1467 6042 speciem,
1480 5981 1504 6026 et
1517 5975 1580 6026 illud
1593 5985 1632 6030 est
1668 5979 1856 6032 contrariorum
1876 5981 1884 6030 l
1905 5979 1950 6032 ult
1975 5979 2004 6032 0*

319 6059 354 6110 tia
372 6059 381 6110 l
401 6059 417 6110 6
437 6059 489 6110 40
993 6061 1155 6116 denudatum
1169 6063 1201 6116 lV
1214 6059 1323 6116 40004*
1339 6059 1401 6116 Vide
1413 6063 1442 6116 V.
1453 6063 1572 6132 Ooputlto
1587 6061 1632 6118 46.
1721 6097 1755 6106 -
1775 6065 1917 6146 Oplpabilia
1947 6077 2007 6122 4404
2032 6083 2099 6138 quae
2129 6083 2177 6124 nou
2207 6071 2302 6124 liabent

372 6175 408 6188 ι-
426 6147 497 6214 qued
516 6145 735 6200 babetrationem
747 6147 896 6210 materialis,
911 6161 981 6212 ros
1045 6177 1081 6190 —
1100 6165 1224 6216 praesens
1242 6149 1353 6206 delectat
1369 6155 1518 6216 potentiam*
1537 6153 1579 6206 vet
1604 6159 1630 6208 ut
1667 6157 1790 6222 cognosci
1810 6145 1857 6208 nisi
1877 6171 1923 6222 per
1943 6157 2076 6224 quandam
2093 6159 2301 6212 coniecturamll

318 6241 391 6288 eatur
411 6233 543 6288 obiectum
562 6249 703 6290 commuue
722 6232 867 6288 secundum
887 6249 957 6288 com·
992 6241 1160 6308 conveniens,
1179 6243 1223 6294 vel
1242 6245 1271 6294 ut
1289 6239 1433 6306 4046044444,
1456 6241 1497 6292 444
1525 6247 1552 6294 04
1571 6257 1631 6296 000·
1667 6243 1752 6296 5404
1774 6271 1805 6280 -
1826 6245 1908 6298 Omne
1925 6245 2063 6310 probabile
2082 6253 2120 6300 est
2136 6245 2301 6312 opinabiteV
2384 6261 2385 6274 .

318 6313 427 6382 munem
443 6327 622 6390 acceptionem
641 6329 668 6378 et
685 6323 817 6378 obiectum
845 6335 892 6390 per
917 6339 957 6376 ac·
992 6341 1102 6384 servans
1119 6329 1154 6382 lV
1180 6329 1248 6384 4040
1268 6327 1296 6382 0*
1314 6359 1350 6368 -
1370 6329 1496 6384 exceliens
1520 6329 1579 6386 uide
1601 6331 1629 6384 V.
1668 6333 1719 6386 407
1737 6347 1793 6398 arg.
1814 6333 1831 6386 7

317 6411 420 6476 046444;
440 6411 503 6464 illud
521 6417 610 6468 autem
627 6413 723 6466 dieitur
741 6409 873 6466 obiectum
899 6427 957 6478 pro-
992 6415 1144 6472 tutelteetua
1164 6415 1184 6470 6
1202 6425 1228 6474 04
1249 6419 1279 6470 V.
1296 6417 1410 6474 Seuius.
1719 6449 1755 6462 ·-
1774 6421 1897 6476 adhaeret
1914 6425 2007 6476 rationi
2025 6429 2133 6490 propter
2151 6437 2178 6476 se
2199 6424 2224 6476 ltl
2251 6425 2301 6476 500

317 6501 375 6564 prie
392 6507 421 6554 04
438 6513 487 6564 per
503 6515 542 6568 se,
559 6501 631 6566 quod
650 6501 731 6556 habet
750 6503 877 6556 rationem
904 6515 958 6558 mo·
1043 6531 1082 6546 ι·-
1099 6507 1122 6556 40
1143 6511 1196 6560 4040
1216 6505 1303 6560 400640
1321 6521 1397 6560 suam
1416 6513 1523 6572 generat
1542 6509 1631 6562 simili·
1667 6525 1725 6576 arg.
1753 6509 1769 6560 4
1798 6537 1834 6550 -
1863 6511 2040 6576 principaliter
2069 6513 2184 6564 innititur
2211 6513 2302 6566 rationi

320 6587 367 6640 tivi
383 6587 414 6638 lll
433 6587 518 6642 5434
539 6615 571 6626 «-
593 6591 767 6656 principaliter
779 6603 889 6646 movens
908 6595 954 6658 est,
994 6593 1110 6648 tudinem
1129 6591 1154 6644 V
1173 6595 1220 6646 304
1243 6593 1433 6660 i-generat
1452 6595 1630 6652 sibisimilitu-
1667 6599 1788 6664 probanti
1807 6599 1838 6650 ltl
1855 6599 1902 6650 5οΙ
1926 6599 1944 6652 0
1965 6629 1997 6638 -
2027 6609 2165 6664 generatur
2190 6617 2219 6656 ex
2245 6613 2302 6668 pro·

318 6673 390 6738 quod
409 6681 517 6740 propter
536 6689 564 6728 se
582 6679 714 6740 appetitur
733 6677 760 6732 lll
780 6679 866 6734 5054
992 6681 1082 6734 640404
1107 6681 1131 6732 44
1152 6683 1259 6746 speculo
1278 6683 1296 6736 tt
1316 6682 1366 6736 407
1386 6683 1404 6734 4.
1423 6683 1438 6734 4
1457 6711 1491 6722 -
1511 6699 1629 6752 semper,
1667 6687 1745 6740 babili
1766 6687 1863 6740 ratione
1881 6689 1909 6740 lll
1928 6687 1980 6740 500
1992 6689 2011 6740 t.
2026 6689 2055 6752 l,
2072 6691 2096 6756 0,
2108 6703 2165 6756 arg.
2178 6691 2205 6742 0.
2222 6689 2301 6742 5044
2351 6689 2353 6694 ’

318 6801 321 6806 .
372 6763 456 6814 -lu
485 6763 594 6818 obiectis
617 6765 787 6820 consideratis
810 6767 956 6822 secuudum
993 6773 1119 6834 quantum
1137 6773 1177 6824 ast
1195 6769 1230 6824 de
1247 6785 1290 6836 se,
1307 6771 1392 6836 gignit
1418 6773 1628 6840 simulitudinem,
1715 6803 1754 6836 Ι-
1781 6773 1885 6840 Opinati
1913 6785 1952 6830 444
1979 6779 2085 6830 rationis
2111 6777 2301 6830 conterentisl

317 6849 430 6902 rationes
446 6851 554 6906 eosdem
576 6857 617 6908 est
639 6851 779 6908 diversitas
802 6855 955 6922 materialis,
993 6869 1054 6908 cum
1073 6857 1155 6910 estin
1174 6871 1221 6910 sua
1240 6859 1413 6924 completione
1430 6859 1454 6912 V
1472 6861 1524 6912 300
1543 6863 1557 6912 8
1667 6863 1717 6916 478
1736 6863 1754 6916 0
