5792 8392
404 641 468 708 232
1235 633 1350 700 INDEX
1373 633 1566 700 SECUNDUS

695 725 762 780 ono
2039 719 2107 774 ono

458 843 494 854 ·-
513 829 600 868 000066
615 815 821 868 00106600000160
833 819 858 866 01
872 815 1044 880 particularis,
1137 815 1223 864 —est
1238 813 1398 862 necessarius
1412 811 1437 860 in
1451 809 1562 862 Ecclesia
1576 807 1611 860 ad
1630 809 1723 876 pulcri·
1760 809 1794 862 Ν
1814 809 1867 862 627
1885 807 1903 860 b
1922 837 1956 846 —
1977 809 2001 860 ln
2028 807 2196 860 Sacramenta
2222 805 2319 860 ordinis
2339 819 2397 860 con·

404 905 451 972 qui
469 903 579 954 debetur
597 903 638 954 isti
657 903 695 954 rel
713 903 756 954 001
775 903 810 954 6116
829 903 862 954 Ν
887 901 939 954 273
964 901 994 954 3*
1010 929 1047 942 -
1083 899 1200 954 tudinem
1210 903 1236 950 et
1254 897 1287 972 ad
1308 897 1488 972 rectitudinem
1507 895 1606 948 116616
1625 895 1650 948 6.
1672 897 1722 948 616
1760 897 1840 948 600660
1860 901 1974 962 00100100
1993 895 2110 948 00660060
2128 895 2235 948 scientia
2253 899 2280 946 et
2296 895 2397 948 actione

404 991 519 1056 partium
537 993 708 1056 estpartium
727 993 753 1042 in
771 991 899 1056 toto,vel
918 993 1045 1044 rerumtn
1082 987 1188 1040 h--ln
1206 987 1318 1038 Ecclesia
1331 987 1475 1050 adhaesit
1491 987 1522 1038 061
1541 983 1679 1036 cuncordia
1697 991 1722 1038 et
1758 983 1794 1036 Ν
1808 981 1974 1036 6810-10
1988 985 2078 1036 ordine
2092 987 2172 1036 homo
2184 981 2301 1048 quodam
2315 981 2396 1034 modo

405 1081 530 1130 aniverso
544 1079 582 1132 Ν
602 1077 654 1128 317
675 1077 757 1130 6*-
780 1079 846 1132 Nihil
873 1081 897 1132 in
923 1081 1046 1132 universo
1084 1075 1178 1140 decor,
1199 1077 1317 1140 oportet,
1337 1071 1410 1140 qnod
1430 1075 1461 1126 sit
1487 1071 1553 1126 0160
1574 1073 1608 1124 Ν
1633 1069 1722 1124 6686
1758 1071 1786 1124 66
1806 1071 1874 1124 Deus
1900 1073 1956 1122 sive
1985 1071 2104 1140 divinas,
2133 1071 2267 1138 potestatis
2292 1071 2396 1122 divinae

404 1167 845 1236 001600066006606,0006606006
870 1167 1045 1220 inordinatum
1082 1191 1119 1200 -
1137 1163 1218 1212 00166
1239 1161 1351 1214 Ecclesia
1380 1161 1526 1212 secundum
1555 1163 1720 1214 auctoritates
1757 1157 2085 1224 pertrectaremus

404 1257 430 1306 66
459 1269 486 1306 00
512 1255 529 1306 11
560 1255 611 1308 667
637 1257 653 1308 6.
680 1257 704 1308 l.
728 1257 762 1310 Ν
788 1255 840 1308 317
867 1253 894 1308 6*
923 1251 986 1308 Vide
1015 1251 1044 1304 V.
1082 1249 1209 1302 01016010
1229 1255 1354 1302 06060160
1374 1251 1579 1314 professionum,
1610 1263 1661 1302 non
1681 1263 1721 1302 sc·
1811 1275 1845 1284 —
1868 1249 1893 1300 16
1921 1247 2011 1298 ordine
2036 1247 2113 1300 datur
2137 1251 2236 1314 gratiae
2260 1245 2396 1312 plenitudo

404 1341 1045 1410 61666660-0010000006000060160000006016
1083 1337 1200 1390 cundum
1219 1337 1288 1390 dona
1309 1339 1420 1402 gratuita
1448 1339 1466 1388 ll
1496 1337 1580 1390 2670
1604 1335 1668 1390 Vide
1689 1337 1718 1390 V.
1757 1335 1791 1389 Ν
1811 1335 2397 1400 66716-1606666660060100000666000660

404 1433 548 1494 potentiam
578 1441 685 1488 naturae
710 1433 842 1498 specialis,
869 1435 894 1482 et
917 1429 1046 1494 generalis
1082 1423 1210 1480 Ecclesia.
1757 1425 1838 1488 gratia
1859 1423 1890 1476 Ν
1910 1423 1960 1474 623
1982 1423 1998 1476 1.
2016 1423 2043 1474 3.
2062 1423 2150 1476 6361.
2171 1425 2284 1476 2-16
2304 1423 2397 1476 ordine

404 1521 550 1572 secundum
571 1519 895 1586 001061600606066001600
918 1515 998 1568 1766
1017 1515 1046 1568 6*
1136 1517 1361 1578 -00100100100
1388 1513 1506 1566 00660060
1535 1515 1553 1566 ll
1581 1513 1632 1566 266
1651 1527 1666 1566 0
1685 1541 1720 1554 -
1757 1527 1808 1566 006
1827 1511 1904 1566 60100
1923 1511 2150 1576 00601660660600
2171 1515 2267 1578 gratiae
2292 1517 2395 1578 gratum

457 1637 493 1648 ·-
512 1611 614 1662 llaioris
632 1611 774 1674 sapientiae
791 1611 831 1660 est
843 1605 958 1658 ordinari
976 1605 1045 1658 bona
1082 1601 1176 1656 dicitnr
1194 1603 1311 1654 ordinata
1331 1609 1446 1666 potestas
1457 1601 1581 1656 ordinans
1600 1603 1632 1656 ad
1652 1617 1719 1668 opus
1757 1601 1873 1654 lactentis
1890 1613 1971 1666 06066
1991 1601 2014 1650 66
2036 1599 2247 1664 confirmatione,
2272 1599 2317 1650 sed
2344 1611 2396 1652 am·

404 1709 465 1750 0660
491 1701 579 1764 malis,
604 1701 638 1748 ita
663 1701 693 1748 ut
715 1709 747 1748 ex
770 1695 966 1746 deordinatione
993 1707 1044 1746 606
1082 1693 1124 1742 vel
1138 1689 1170 1740 ad
1184 1689 1293 1742 alterurn
1308 1691 1338 1742 Ν
1355 1689 1544 1758 6166-006
1557 1691 1650 1744 6606600
1664 1691 1719 1754 6000
1757 1689 1824 1752 01660
1844 1701 1940 1740 nrunus
1958 1689 2058 1752 gratiae
2080 1689 2162 1754 gratis
2184 1687 2273 1752 datae,
2298 1689 2395 1740 scilicet

404 1785 588 1850 deturpentur,
602 1785 648 1836 sed
659 1797 754 1836 eorum
764 1783 893 1836 ordinatio
905 1783 1045 1834 decoretur
1082 1779 1170 1830 0010660
1191 1779 1384 1844 ordinatorum,
1398 1785 1503 1832 nonest
1521 1781 1718 1832 Sacramentum
1756 1775 1914 1830 auctoritatis
1933 1781 1956 1828 et
1976 1779 2109 1842 potestatis
2132 1777 2166 1828 Ν
2190 1777 2242 1828 662
2267 1775 2295 1826 6.
2318 1777 2334 1826 2
2360 1801 2396 1814 ·-

401 1875 421 1926 ll
443 1873 492 1924 632
513 1873 537 1924 6.
558 1871 609 1924 633
634 1869 662 1920 3*
689 1899 720 1908 -
748 1873 839 1924 melior
864 1875 915 1932 006,
940 1873 965 1920 60
992 1885 1044 1936 000
1081 1863 1142 1920 idid.
1162 1865 1213 1918 667
1239 1865 1320 1918 lli·n
1347 1867 1488 1920 0660661100
1506 1869 1530 1918 66
1551 1869 1719 1932 1060600006·
1756 1865 1860 1918 ordinat
1883 1863 1917 1916 ad
1941 1867 2052 1928 gratiam
2075 1867 2216 1930 perlectam
2243 1863 2277 1916 Ν
2301 1863 2394 1916 6366

402 1959 471 2010 60110
497 1959 565 2012 00666
590 1959 753 2012 deordinatio
776 1959 785 2010 l
809 1959 862 2010 786
887 1973 943 2024 arg.
968 1961 984 2010 2
1009 1985 1045 1997 -
1082 1961 1137 2008 tum
1155 1953 1189 2008 ad
1209 1961 1363 2020 potestatem
1382 1959 1520 2018 terrenam,
1536 1971 1604 2022 quae
1616 1955 1719 2020 respicit
1755 1981 1791 1992 -
1811 1955 1835 2004 60
1856 1965 1903 2004 000
1923 1967 2049 2016 00000060
2066 1957 2139 2018 00061
2164 1961 2188 2006 06
2214 1953 2328 2018 disponit
2352 1953 2396 2004 lto·

403 2049 429 2098 ln
449 2047 525 2100 bonis
543 2055 583 2100 006
600 2049 665 2100 00160
684 2047 853 2100 ordinationis
873 2061 924 2100 non
944 2053 1042 2100 tanturn
1081 2043 1150 2096 bona
1170 2049 1277 2096 naturae
1296 2045 1337 2096 001
1358 2045 1476 2096 10060600
1495 2045 1614 2108 000060160
1633 2057 1719 2108 perso·
1756 2043 1854 2094 minem
1873 2041 1906 2092 ad
1926 2043 2036 2106 gratiam
2057 2043 2395 2108 000100660610,0000006-

403 2149 434 2188 ex
453 2143 525 2200 parte
544 2135 703 2202 ordinantis,
722 2135 769 2188 sed
781 2137 859 2188 eliam
875 2135 999 2202 ordinati,
1018 2139 1043 2186 in
1081 2146 1130 2185 nae
1148 2133 1191 2184 vel
1208 2133 1368 2196 reipublicae
1387 2133 1421 2184 Ν
1439 2133 1491 2184 617
1511 2129 1539 2184 3*
1756 2133 1821 2184 060161
1839 2133 1866 2182 66
1884 2129 1959 2182 60060
1980 2131 2090 2194 Spiritus
2110 2133 2189 2184 sancti
2208 2131 2243 2184 Ν
2261 2131 2313 2182 636
2333 2145 2347 2182 0

339 2271 340 2274 ,
402 2223 477 2276 malis
497 2237 562 2278 0060
581 2239 632 2276 600
650 2239 681 2276 ex
700 2233 774 2290 parte
789 2225 984 2290 ordinatorum,
998 2223 1043 2276 sed
1135 2227 1226 2272 -est
1246 2217 1440 2274 Sacramentum
1463 2223 1564 2274 ratione
1585 2221 1719 2286 potestatis
1762 2241 1764 2256 ‹
1811 2247 1845 2256 —
1865 2217 1964 2286 perlicit
1984 2223 2007 2270 et
2027 2219 2198 2284 deigratiam
2219 2219 2396 2282 dignesusci·

403 2313 490 2376 001600
509 2313 651 2364 0066000160
669 2313 678 2364 l
698 2313 765 2364 330
1081 2309 1234 2374 00606160110,
1263 2323 1331 2376 quae
1360 2315 1399 2362 est
1423 2323 1464 2360 res
1491 2321 1576 2374 sacra,
1601 2317 1627 2362 06
1651 2309 1718 2374 signi
1757 2307 1851 2374 pienti,
1872 2319 1919 2372 per
1937 2319 2016 2372 066060
2037 2307 2181 2360 excluditur
2200 2307 2337 2358 6666061100
2351 2307 2396 2358 mi-

456 2401 602 2454 -160600
622 2403 748 2466 sapientia
771 2403 916 2454 rectissime
942 2401 1044 2455 ordinat
1080 2397 1209 2450 sensibilis
1235 2403 1260 2448 01
1283 2399 1449 2450 institutionis
1476 2399 1580 2450 divinae
1605 2397 1638 2450 Ν
1669 2397 1719 2448 616
1757 2397 1925 2448 nistrandiin
1944 2397 2070 2462 hisquae
2089 2399 2149 2448 sunt
2168 2393 2199 2448 ad
2226 2395 2323 2448 cultum
2351 2395 2394 2448 liei

403 2491 490 2540 omnia
510 2491 533 2540 ln
555 2495 646 2542 natura
664 2491 699 2542 Ν
716 2489 764 2542 331
788 2493 805 2542 1.
825 2491 840 2542 3
859 2517 894 2530 -
914 2491 992 2544 Recta
1006 2505 1044 2542 or·
1080 2490 1097 2540 1.
1118 2491 1141 2540 2.
1160 2487 1210 2540 616
1225 2487 1254 2554 6,
1267 2485 1340 2538 3*--
1354 2489 1380 2540 60
1392 2487 1497 2552 Angelis
1511 2501 1562 2540 non
1575 2487 1652 2540 60601
1665 2499 1719 2540 000·
1757 2485 1791 2536 Ν
1810 2485 1861 2538 616
1881 2481 1910 2534 2*
1930 2511 1963 2522 -
1983 2485 2007 2536 10
2028 2483 2120 2536 006100
2137 2487 2222 2542 virtus
2240 2483 2394 2538 multimoda

402 2577 500 2630 dinatio
527 2579 669 2644 sapientiae
695 2593 745 2630 non
768 2579 914 2632 excluditur
939 2593 1041 2630 summa
1080 2575 1154 2628 sibile
1182 2577 1287 2640 signum
1316 2577 1348 2628 Ν
1375 2576 1426 2628 617
1451 2573 1480 2628 3*
1508 2605 1542 2614 -
1568 2577 1719 2628 Sacratnen-
1757 2573 1847 2640 datur,
1869 2579 1893 2624 et
1913 2573 1992 2624 homo
2011 2577 2040 2624 01
2057 2577 2162 2626 sanctas
2174 2571 2207 2624 ad
2221 2573 2394 2626 ministerium

401 2663 552 2720 liberalitate
573 2667 660 2718 11633
682 2663 1042 2720 2*-1)0600060000016-
1080 2669 1136 2718 lum
1154 2671 1194 2716 006
1211 2665 1329 2718 00666010
1348 2669 1474 2730 00100600,
1496 2679 1548 2732 000
1571 2665 1717 2718 0066001060
1757 2663 1844 2726 1060016
1865 2677 1878 2714 0
1897 2661 1968 2712 lalcis
1989 2667 2124 2724 separetur
2141 2661 2176 2712 Ν
2196 2661 2246 2712 -163
2265 2661 2332 2712 6-
2351 2661 2394 2714 601

401 2755 440 2820 066
458 2755 577 2808 ordinem
596 2755 753 2820 sapientiae,
769 2755 1044 2808 itnmoinriolahititer
1080 2761 1173 2820 potens
1188 2753 1323 2808 ordinatur
1335 2755 1370 2806 06
1382 2767 1450 2818 0000
1462 2755 1610 2820 ministerii,
1624 2761 1647 2806 01
1661 2755 1717 2818 016-
1756 2751 1866 2816 gratiam
1890 2762 1942 2802 606
1965 2751 2052 2802 001006
2080 2751 2114 2802 06
2138 2749 2285 2802 curandum
2309 2749 2394 2802 subie-

401 2847 489 2896 servat
508 2845 525 2894 ll
545 2841 596 2896 677
618 2829 645 2894 1*
1080 2857 1122 2894 000
1140 2823 1206 2894 16600
1223 2857 1253 2896 00
1270 2843 1305 2894 Ν
1324 2843 1375 2894 616
1394 2841 1420 2894 b.
1440 2843 1492 2896 617
1513 2839 1541 2892 6*
1559 2871 1593 2880 --
1613 2845 1638 2896 ln
1664 2841 1717 2894 col·
1755 2847 1838 2906 01666,
1859 2839 1905 2892 006
1925 2841 2001 2892 etiam
2020 2839 2143 2904 gratiam,
2165 2853 2233 2906 quae
2245 2839 2348 2892 ordinat
2360 2837 2394 2892 ad

455 2961 489 2970 -
503 2933 543 2984 vel
557 2939 595 2986 est
608 2937 730 3000 naturae,
748 2933 789 2986 001
804 2935 915 2986 660161600
930 2935 937 2984 l
951 2935 997 2986 831
1014 2947 1039 2986 0.
1079 2931 1173 2984 1016000
1183 2931 1281 2984 0066660
1290 2933 1423 2984 0066100600
1436 2937 1561 2998 00100600,
1577 2945 1625 2996 000
1637 2943 1716 2998 quam
1754 2927 1900 2982 curandum
1922 2929 1986 2980 alios
2004 2929 2037 2982 Ν
2057 2927 2109 2980 666
2127 2927 2144 2980 6
2165 2955 2197 2966 —-
2216 2935 2256 2982 est
2274 2931 2301 2980 66
2313 2927 2393 2980 medi·

401 3019 791 3074 iactatiactat-ante
811 3025 906 3076 1006066
926 3037 984 3074 0000
1004 3027 1041 3074 001
1077 3023 1158 3072 horno
1184 3021 1335 3084 000616060
1360 3025 1427 3072 statu
1454 3019 1715 3084 definitoetgradtt
1754 3025 1903 3072 0066006066
1924 3019 2001 3070 016006
2026 3025 2147 3084 00000060
2173 3017 2298 3084 allorum,
2322 3015 2393 3070 unda

401 3123 432 3160 ex
456 3111 595 3162 6660666060
622 3111 753 3176 lactentis,
774 3111 840 3162 ordo
860 3115 918 3174 post
944 3111 1039 3162 iactam
1078 3111 1112 3162 Ν
1132 3109 1182 3160 638
1202 3109 1227 3160 6.
1248 3111 1263 3160 6
1287 3137 1322 3146 -—
1344 3115 1384 3162 est
1406 3109 1549 3174 principale
1573 3111 1598 3160 in
1624 3111 1716 3162 hierar·
1754 3109 1866 3160 inanime
1876 3113 1944 3158 tenet
1953 3109 2079 3160 rationem
2091 3107 2250 3160 Sacramenti
2260 3103 2393 3158 lviiii*

400 3211 459 3248 0000
481 3197 621 3250 0110061600
646 3197 792 3252 secundum
821 3201 943 3250 iustitiam
969 3201 1039 3252 retri-
1078 3199 1135 3250 chia
1154 3197 1187 3250 Ν
1207 3195 1253 3246 686
1271 3211 1294 3248 a.
1310 3195 1360 3248 617
1381 3193 1409 3246 6*
1431 3197 1536 3250 -dicit
1550 3203 1714 3262 potestatem,
1806 3221 1841 3232 -
1867 3193 1928 3246 dicit
1944 3195 2009 3258 qaid
2033 3195 2064 3246 ad
2090 3195 2199 3246 alterurn
2220 3195 2254 3246 Ν
2278 3193 2329 3244 626
2357 3191 2391 3244 2*.

401 3283 612 3336 660016011832
633 3283 661 3338 6*
1078 3299 1146 3352 quae
1164 3287 1238 3350 ponit
1256 3285 1353 3352 aliquid
1373 3289 1398 3336 in
1424 3287 1464 3336 his
1493 3287 1536 3354 qtri
1563 3285 1713 3350 060060006-
1753 3279 1800 3334 671
1824 3281 1850 3334 d.
1878 3281 1887 3332 l
1918 3309 1953 3318 -
1976 3281 2038 3334 dicit
2063 3281 2161 3332 donum
2189 3283 2289 3344 gratiae
2312 3283 2393 3346 gratis

452 3403 487 3410 -
519 3375 609 3426 Divina
641 3375 735 3426 iustitia
764 3377 908 3428 rectissime
936 3375 1038 3430 ordinat
1077 3381 1132 3440 tur,
1151 3387 1200 3438 per
1217 3375 1317 3442 aliquid
1335 3375 1506 3442 0666601066,
1525 3375 1589 3426 nihil
1607 3389 1671 3426 0000
1690 3375 1715 3426 in
1754 3371 1828 3422 datae
1847 3369 1997 3424 ordinatum
2015 3369 2050 3422 ad
2068 3371 2202 3422 utilitatem
2222 3383 2391 3422 communem

400 3463 719 3528 006660060006010336
736 3463 929 3516 1.3-·1)60660
943 3465 1035 3516 666066610
1078 3465 1118 3516 his
1137 3465 1181 3528 qui
1201 3461 1426 3516 0066066010οΝ
1445 3465 1497 3516 617
1517 3461 1545 3514 6*
1628 3471 1635 3486 ·
1754 3459 1786 3510 Ν
1807 3461 1858 3512 662
1879 3459 2040 3510 6--00606
2054 3459 2289 3526 consummandam
2307 3459 2391 3524 ipsam

400 3550 497 3602 nullam
518 3549 741 3604 deordinationem
756 3555 780 3604 66
794 3553 917 3606 universo
932 3555 1039 3608 sustinet
1131 3579 1166 3592 —
1186 3555 1232 3604 Per
1251 3551 1371 3604 ordinem
1389 3553 1457 3606 acies
1475 3553 1601 3606 Ecclesiae
1621 3559 1659 3606 est
1678 3567 1715 3606 or·
1753 3549 1893 3600 Ecclesiam
1913 3549 1945 3600 Ν
1964 3549 2011 3600 aut
2037 3549 2062 3600 d·
2087 3549 2097 3600 l
2121 3577 2156 3586 —
2181 3549 2286 3612 respicit
2308 3549 2391 3600 inulti·

398 3639 417 3690 ll
438 3639 488 3690 666
508 3639 525 3690 b
545 3667 579 3676 -
597 3641 708 3692 iustitiae
720 3643 843 3708 requirit,
857 3647 886 3694 ut
898 3643 1039 3708 unicuique
1078 3641 1163 3694 dinata
1184 3639 1216 3692 Ν
1236 3641 1269 3694 63
1289 3639 1308 3692 6
1328 3669 1365 3678 -
1385 3641 1431 3692 600
1455 3643 1651 3694 Sacramentum
1675 3657 1715 3694 or·
1754 3639 1870 3690 tudinem
1883 3633 1944 3690 thid.
1956 3637 2009 3690 607
2021 3651 2037 3690 0
2051 3663 2084 3674 ·-·
2097 3639 2202 3702 respicit
2215 3643 2311 3690 statum
2330 3637 2390 3690 ildei

398 3727 524 3780 reddatur
541 3729 687 3780 seeundum
706 3731 797 3782 merita
822 3743 869 3780 sua
895 3729 1040 3782 060216
1079 3731 1146 3784 dtnts
1163 3729 1283 3782 mambra
1303 3729 1431 3782 Ecclesiae
1444 3731 1469 3780 16
1482 3745 1591 3796 corpora
1605 3733 1715 3796 mystico
1754 3729 1938 3792 multiplicatae
1955 3725 1990 3778 Ν
2012 3725 2061 3778 lii
2080 3739 2094 3778 a
2114 3733 2391 3792 -00100600000060

399 3831 440 3882 sq.
457 3843 493 3854 -
514 3817 603 3870 Divina
624 3819 717 3870 iustitia
737 3819 762 3870 60
782 3821 908 3870 creaturis
928 3819 986 3872 10066
999 3833 1041 3872 or·
1078 3821 1230 3874 ordinantur
1250 3819 1395 3888 secundnm
1415 3819 1533 3872 66000000
1553 3823 1716 3886 operationes
1754 3817 1934 3880 generantium
1952 3815 2121 3880 spiritualiter
2138 3815 2173 3868 Ν
2192 3813 2226 3866 63
2246 3831 2258 3866 0

399 3903 558 3956 dinationem
578 3909 731 3960 meritorum
752 3911 777 3960 et
801 3911 1039 3962 remunerationem
1078 3915 1103 3962 et
1125 3909 1220 3974 gratias
1246 3909 1278 3960 Ν
1299 3907 1349 3960 636
1370 3923 1384 3960 0
1402 3937 1438 3946 -
1457 3909 1607 3962 Secundum
1627 3911 1716 3962 Sacra·
1801 3933 1836 3946 ·-
1855 3905 1959 3968 respicit
1985 3907 2113 3970 0001001οο
2131 3903 2165 3956 Ν
2189 3903 2221 3954 63
2249 3903 2265 3954 6
2291 3931 2325 3942 -—
2354 3907 2392 3956 est

397 3991 416 4044 Il
436 3991 487 4044 716
507 4007 521 4046 0
539 4021 576 4032 —-
594 3995 619 4044 ln
640 4009 723 4060 00000
740 3997 881 4050 attenditur
893 3997 1054 4050 seeundum¹
1079 4005 1196 4050 mentum
1214 3997 1314 4050 ordinis
1333 3997 1512 4060 configuratur
1528 4005 1554 4052 et
1573 3999 1716 4050 006100660-
1755 3995 1950 4046 Sacramentum
1970 3993 2145 4056 perlectorum
2165 3975 2205 4044 Ν
2219 3993 2268 4044 623
2290 3993 2307 4042 6.
2327 3993 2343 4044 3
2359 4019 2391 4030 -

398 4081 523 4134 ultionem
542 4081 648 4134 divinae
666 4083 873 4136 60066660011836
889 4083 1039 4140 2*-1)00-
1078 4091 1120 4138 tor
1139 4087 1251 4138 Ecclesia
1269 4087 1382 4138 militans
1400 4085 1569 4150 pulcritudini
1586 4087 1715 4140 Ecclesiae
1754 4083 1862 4136 collocat
1880 4083 1904 4132 in
1925 4087 1992 4136 stata
2011 4083 2177 4146 perfectionis
2193 4077 2391 4134 attestant.

398 4175 485 4222 cantes
505 4171 529 4222 60
549 4171 684 4236 suppliciis
703 4173 855 4224 ordinantur
875 4175 884 4226 l
908 4173 960 4224 830
986 4175 1003 4224 1.
1023 4173 1038 4224 6
1077 4175 1261 4238 triumphantis
1278 4171 1338 4228 t'ht'tl.
1754 4169 1804 4222 643
1824 4185 1847 4222 i·
1867 4169 1918 4222 804
1938 4167 1965 4220 2*

401 4255 465 4310 Vide
486 4257 517 4308 V.
535 4257 635 4312 Poeno.
653 4285 689 4298 -·
702 4261 765 4312 hiala
779 4263 871 4326 culpae
885 4263 1038 4316 ordinantur
1128 4291 1163 4304 -
1182 4264 1208 4315 ln
1226 4263 1320 4314 ordine
1332 4263 1407 4314 datur
1420 4267 1534 4326 potestas
1547 4263 1581 4314 ad
1599 4263 1714 4314 oliiciurn
1805 4285 1841 4296 -
1859 4259 1977 4324 sequitur
1996 4259 2113 4324 quinque
2130 4259 2307 4326 Sacramenta,
2321 4271 2389 4326 quae

395 4359 444 4410 per
461 4347 621 4400 001066010οι
641 4353 807 4412 respuentem
827 4351 836 4400 l
855 4351 922 4402 330
1076 4353 1177 4416 606610,
1204 4351 1274 4416 quod
1302 4365 1352 4402 6066
1384 4353 1506 4404 convenil
1532 4347 1655 4404 06606600
1682 4351 1714 4404 Ν
1753 4347 2260 4412 00006066016000660066001006116666
2285 4347 2335 4400 dt
2354 4373 2388 4386 «-

450 4461 483 4472 -
502 4437 607 4500 respicit
626 4439 744 4488 naturam
764 4437 910 4490 secundum
931 4453 1036 4492 omnam
1076 4439 1128 4490 668
1156 4437 1173 4488 6
1202 4467 1236 4476 -
1262 4439 1407 4504 Spiritualis
1440 4443 1553 4506 potestas
1584 4441 1714 4494 conlector
1753 4437 1851 4488 ratione
1862 4437 1993 4500 dignitatis
2004 4437 2178 4500 perdurante
2193 4437 2388 4488 matrimonium

396 4527 504 4590 statam,
524 4525 568 4576 vel
587 4525 732 4576 secundum
752 4533 847 4578 statum
868 4541 931 4578 suae
951 4527 1036 4580 condi·
1075 4529 1195 4596 personis
1222 4527 1380 4594 specialibus
1406 4529 1441 4582 ad
1469 4529 1644 4594 dispensanda
1671 4531 1714 4582 Sa·
1752 4525 1785 4578 Ν
1806 4525 1838 4576 63
1859 4539 1872 4578 0
1891 4553 1928 4562 -
1946 4523 2040 4578 dieitur
2067 4527 2151 4576 660600
2176 4525 2387 4590 Sacramentum,

393 4611 919 4678 660660,0010000660660101600000
945 4629 1035 4670 eorru-
1074 4623 1223 4684 eramenta,
1254 4633 1301 4682 per
1329 4629 1408 4684 quarn
1435 4619 1538 4684 speciali
1564 4619 1654 4672 ordine
1680 4621 1712 4670 si·
1751 4615 1812 4680 0060
1832 4613 1904 4678 00066
1923 4615 1947 4664 66
1966 4613 2086 4668 nobiliori
2107 4613 2190 4678 gradu
2209 4613 2308 4664 Ν676
2327 4613 2388 4666 63

332 4733 338 4746 ‚
395 4701 491 4764 plionis
505 4701 604 4752 111063
620 4701 733 4752 6*-16
749 4705 835 4754 anima
848 4709 887 4756 001
905 4705 1034 4758 ordinatio
1073 4707 1711 4772 tuanturinEcclesiu,permodumSacramenti
1805 4731 1837 4740 -
1865 4709 1902 4756 est
1931 4701 1962 4754 ad
1992 4703 2192 4754 ministrandum
2224 4705 2271 4754 alia
2303 4703 2389 4756 Sacra·

395 4791 491 4842 0606666
511 4789 544 4842 06
564 4803 591 4842 00
611 4797 636 4842 06
655 4791 689 4842 06
708 4791 819 4842 01100006
840 4793 873 4842 Ν
892 4793 944 4846 722
963 4793 980 4846 6
999 4825 1034 4834 ·-
1073 4797 1104 4850 Ν
1126 4797 1176 4848 616
1196 4795 1452 4860 h-Susciplentes
1464 4797 1584 4848 ordinem
1604 4799 1630 4848 in
1648 4813 1712 4864 quo·
1751 4797 1836 4844 060010
1856 4791 1889 4844 Ν
1908 4791 1941 4844 53
1961 4805 1986 4844 a.
2006 4791 2057 4844 666
2075 4793 2091 4842 6.
2114 4791 2136 4858 6,
2156 4791 2183 4844 h.
2201 4791 2253 4844 617
2272 4791 2291 4844 6.
2315 4791 2328 4842 3
2354 4817 2388 4830 -

395 4877 429 4930 ad
449 4885 595 4930 creaturam
615 4893 666 4930 uon
686 4887 724 4932 est
743 4881 887 4934 essentialis
905 4891 930 4936 06
950 4889 1035 4950 001001
1070 4885 1135 4938 ‘dam
1154 4885 1259 4948 speciali
1272 4891 1338 4938 statu
1359 4887 1425 4936 inter
1445 4885 1533 4938 660100
1553 4887 1711 4938 collocantur
1750 4879 1853 4932 Ordinis
1872 4885 1986 4946 potestas
2009 4881 2185 4944 principaliter
2207 4887 2248 4932 est
2270 4879 2388 4932 ordinata

395 4981 444 5034 per
463 4967 582 5020 divinum
601 4971 743 5034 imperium
764 4971 873 5038 mutari,
892 4973 939 5024 sed
959 4971 1033 5026 deor·
1073 4975 1106 5026 Ν
1127 4972 1709 5040 61316-00006066016060000006016606116
1749 4971 1782 5022 06
1803 4971 2022 5034 dispensationem
2044 4971 2271 5022 sacramentorum
2295 4975 2319 5022 et
2338 4983 2389 5022 ma·

395 5055 492 5108 dinatio
512 5059 606 5110 montis
626 5057 658 5108 ad
679 5059 761 5110 [teum
775 5063 814 5112 est
827 5061 925 5112 malum
945 5075 1034 5114 secun·
1073 5063 1104 5116 59
1126 5061 1144 5112 h
1163 5089 1198 5100 -
1216 5063 1316 5112 ratione
1334 5061 1494 5116 abundantis
1518 5065 1617 5128 gratiae
1636 5065 1711 5116 eollo·
1748 5061 1818 5112 rime
1835 5061 1995 5112 sacramenti
2014 5061 2132 5124 corporis
2144 5059 2247 5112 Domini
2261 5061 2295 5112 Ν
2309 5059 2388 5112 6330

395 5145 459 5196 dum
478 5159 507 5196 se
526 5145 559 5196 Ν
578 5145 630 5198 723
650 5159 663 5196 0
683 5173 718 5184 --
737 5145 836 5200 Caritas
853 5153 954 5202 rectum
967 5151 1033 5204 ordi·
1073 5159 1112 5204 cat
1132 5151 1156 5202 in
1177 5151 1261 5216 gradu
1274 5153 1416 5204 honestatis
1437 5157 1461 5204 et
1481 5153 1613 5216 dignitatis
1625 5167 1710 5218 respe·
1748 5149 1968 5214 u--princlpaliter
1979 5149 2115 5202 ordinatur
2125 5149 2157 5200 ad
2168 5149 2388 5214 dispensationem

394 5247 456 5284 nem
473 5247 486 5284 a
508 5237 599 5286 natura
619 5247 669 5286 non
690 5235 774 5286 066006
790 5237 820 5288 111
839 5235 891 5288 668
909 5237 927 5290 6
1073 5247 1113 5292 0666
1134 5239 1245 5292 aliorum
1264 5241 1296 5292 Ν
1318 5239 1368 5292 666
1387 5241 1413 5292 6.
1433 5241 1485 5292 666
1499 5257 1513 5292 0
1526 5269 1562 5280 -
1575 5247 1614 5294 001
1633 5241 1710 5294 arcel-
1751 5237 1907 5290 Sacramenti
1919 5239 2006 5290 altaris
2018 5237 2052 5290 Ν
2063 5237 2114 5288 366
2128 5235 2163 5288 3*.
2177 5239 2226 5288 613
2240 5235 2389 5290 3*-0066-

445 5349 480 5360 -
499 5321 554 5374 600
575 5323 706 5388 06006606
728 5325 899 5388 060006006100
923 5331 950 5380 06
973 5329 1034 5380 inle·
1072 5331 1128 5382 1060
1139 5337 1163 5380 06
1177 5329 1202 5380 in
1220 5333 1286 5382 statu
1301 5329 1432 5382 excellenti
1443 5331 1550 5384 collocat
1563 5331 1710 5384 ordinatum
1751 5331 1825 5378 natur
1843 5325 1876 5378 ad
1895 5339 1993 5388 corpus
2012 5325 2105 5376 Christi
2124 5339 2215 5376 000666
2237 5325 2389 5390 660006006-

393 5409 495 5462 06006600
515 5411 575 5464 10066
593 5411 713 5464 00660006
732 5415 912 5482 completum,
932 5415 978 5468 sed
1003 5431 1032 5470 aa
1072 5417 1170 5470 116611
1199 5415 1234 5468 3*.
1259 5419 1345 5470 6181.
1367 5417 1437 5470 6·-
1458 5419 1567 5472 66066600
1589 5421 1710 5484 00000660
1751 5415 1813 5466 dum
1832 5415 1866 5466 06
1880 5415 2012 5467 utilitatem
2028 5415 2132 5478 corpori
2146 5415 2248 5478 mystici
2261 5415 2296 5466 Vl
2310 5415 2388 5468 6360

394 5499 492 5562 solunt,
512 5499 537 5550 in
551 5513 603 5566 qua
617 5501 732 5552 consistit
746 5515 836 5580 rerunt
848 5503 1032 5556 ordinabitium
1072 5505 1254 5560 excellentibus
1273 5507 1307 5558 Ν
1327 5505 1374 5558 616
1398 5505 1427 5558 3*
1748 5529 1783 5542 -·
1796 5503 1897 5556 ordinat
1907 5503 1941 5554 ad
1951 5501 2136 5568 dignissimum
2147 5505 2319 5556 ministerium
2330 5519 2389 5558 eon·

394 5585 615 5650 conrplementum
645 5593 773 5654 quantum
800 5591 834 5642 ad
859 5593 975 5644 ollicium
1009 5599 1033 5646 06
1124 5623 1159 5634 -
1184 5601 1222 5646 001
1247 5595 1381 5658 spirituale
1408 5595 1586 5660 signaculum,
1604 5595 1632 5646 in
1657 5609 1711 5662 quo
1749 5591 1898 5642 sacrationis
1919 5591 2042 5642 dominici
2062 5595 2180 5658 corporis
2198 5593 2232 5646 Ν
2249 5595 2301 5646 636
2320 5609 2334 5646 0
2354 5621 2389 5634 -··

393 5679 486 5726 statum
507 5673 526 5724 ll
545 5673 597 5726 266
617 5673 759 5728 l*-hd
785 5679 930 5742 perlectam
958 5685 1032 5734 ratio·
1072 5681 1710 5748 00606600160001001006006610000616010Ν617
1750 5681 1774 5730 16
1795 5691 1923 5744 supremo
1942 5681 2033 5732 ordine
2060 5683 2169 5736 traditur
2194 5689 2308 5746 potestas
2330 5697 2391 5736 eon·

393 5775 454 5814 nem
473 5763 573 5814 0066660
597 5769 758 5816 concurrant
785 5767 967 5830 praecellentia
992 5785 1032 5820 na·
1072 5771 1087 5822 6.
1107 5773 1133 5822 2.
1153 5769 1200 5820 621
1223 5771 1271 5820 1.6
1301 5799 1338 5808 -
1361 5771 1386 5822 10
1410 5771 1504 5824 ordine
1527 5771 1603 5822 datur
1628 5775 1709 5838 gratia
1750 5769 1851 5820 6060661
1872 5781 1967 5834 000000
1986 5769 2079 5824 Christi
2099 5773 2131 5824 Ν
2151 5773 2202 5826 617
2222 5775 2274 5824 ta

392 5853 516 5904 ruralium
534 5855 559 5904 01
572 5853 745 5916 gratuitorum
760 5853 809 5904 sihi
827 5855 1032 5920 corresponden·
1072 5859 1233 5910 sanctificans
1252 5863 1278 5910 et
1300 5865 1413 5922 potestas
1439 5859 1579 5924 spiritualis
1604 5875 1651 5924 per
1676 5863 1710 5914 06-
1801 5887 1835 5898 -
1855 5859 1943 5912 Ordini
1968 5867 2007 5914 006
2025 5875 2124 5912 annena
2143 5865 2249 5916 scientia
2271 5865 2298 5916 ct
2322 5865 2388 5916 actio

392 5941 457 5993 tium
475 5941 494 5992 ll
515 5939 600 5994 2670
1072 5959 1153 6012 gnum
1172 5947 1284 5998 exterius
1304 5945 1466 6012 dispensata,
1487 5949 1528 6000 cui
1551 5949 1710 6014 inseparabi-
1750 5949 1781 6000 Ν
1802 5949 1847 6000 681
1866 5965 1889 6000 0.
1902 5949 1953 6000 617
1967 5947 2044 6000 6*-
2058 5955 2096 6002 006
2110 5955 2198 6004 006100
2211 5953 2387 6016 ignorantiam

444 6057 479 6068 -
503 6031 669 6096 assignantur
698 6033 721 6084 in
751 6033 857 6096 angelis
886 6033 1031 6086 secundnm
1071 6039 1185 6088 16100006
1204 6033 1324 6086 adiuncta
1344 6035 1377 6086 Ν
1396 6033 1447 6086 666
1466 6035 1494 6102 6,
1517 6033 1544 6088 3*
1748 6039 2388 6104 06066066060060060101666000060666Ν630

392 6123 512 6184 aspectus
539 6121 574 6172 ad
602 6119 707 6174 6600600
735 6123 770 6174 Ν
797 6123 848 6174 636
873 6121 902 6174 3*
923 6121 987 6176 Vide
1013 6123 1031 6176 ll
1116 6153 1157 6164 ,-
1176 6125 1204 6176 16
1222 6123 1315 6176 ordine
1329 6123 1474 6196 spiritualis
1494 6131 1607 6192 potestas
1634 6129 1710 6184 datur
1748 6157 1781 6166 ·-
1801 6131 1838 6180 est
1857 6131 1883 6180 in
1902 6129 2025 6180 0606616066
2047 6129 2201 6194 prudentiae
2219 6129 2281 6184 ibid.

392 6207 442 6260 266
463 6223 475 6258 0
496 6221 571 6276 sqq.;
595 6209 625 6260 V.
639 6207 1032 6278 Anactes·distiaatto.—est
1071 6213 1326 6268 ivelcestria
1351 6213 1389 6282 6*,
1416 6213 1446 6264 2*
1469 6221 1708 6284 -00100600001,
1799 6245 1834 6258 -
1853 6221 1891 6270 est
1909 6219 2106 6270 Sacramentum
2127 6233 2211 6272 novae
2238 6219 2303 6282 legis
2328 6233 2415 6282 pro.

390 6299 817 6362 666600000600106616006666]υο
836 6315 915 6366 qaam
935 6303 961 6354 66
980 6303 1031 6354 616-
1070 6307 1125 6356 0600
1145 6309 1257 6368 00100100
1276 6303 1301 6354 66
1322 6303 1413 6356 006660
1433 6303 1542 6356 traditur
1562 6307 1593 6360 Ν
1620 6307 1670 6360 662
1691 6309 1708 6360 6
1747 6307 1833 6372 prium
1847 6307 1946 6358 ratione
1958 6307 2099 6370 spiritualis
2114 6309 2247 6372 potestatis
2259 6307 2293 6360 Ν
2308 6307 2387 6360 6180

391 6387 456 6452 galis
474 6387 492 6438 ll
512 6387 563 6438 267
584 6401 597 6438 0
616 6401 666 6454 000,
686 6387 716 6438 2*
734 6415 770 6428 -
788 6393 888 6454 gratiae
911 6405 963 6444 non
989 6407 1032 6444 ne·
1069 6423 1104 6432 -
1122 6393 1173 6444 600
1187 6393 1345 6445 Sacramenti
1358 6397 1398 6444 est
1410 6397 1524 6456 00100600
1539 6393 1573 6448 Ν
1586 6397 1637 6450 638
1652 6399 1707 6450 dt
1745 6421 1782 6434 -
1806 6397 1831 6446 in
1861 6409 1913 6462 quo
1939 6397 2073 6448 corrlicitur
2097 6411 2194 6462 000000
2217 6395 2325 6464 Christi,
2351 6403 2389 6450 est

391 6475 504 6528 cessario
531 6477 721 6540 praesupponit
749 6477 870 6530 ordinem
894 6483 919 6530 in
941 6485 1031 6534 natura
1069 6511 1104 6522 --
1122 6483 1149 6534 ln
1168 6483 1239 6534 06606
1264 6483 1355 6534 006660
1381 6481 1458 6534 60100
1481 6483 1568 6550 aliqua
1593 6493 1708 6552 potestas
1747 6485 1870 6550 proprius
1888 6499 1971 6538 norae
1991 6487 2057 6550 legis
2075 6487 2109 6540 Ν
2137 6487 2189 6538 667
2211 6489 2229 6538 1.
2250 6489 2264 6540 2
2292 6517 2324 6526 -
2349 6495 2388 6540 006

386 6561 422 6616 66.
444 6561 472 6616 2*
1070 6573 1211 6636 00606106110
1229 6573 1264 6624 Ν
1282 6571 1334 6624 603
1352 6585 1410 6636 arg.
1430 6569 1455 6624 6.
1472 6571 1524 6622 610
1543 6573 1560 6626 1.
1575 6577 1659 6628 2611
1680 6573 1707 6628 6*
1748 6573 1779 6626 60
1799 6575 1938 6628 6606006660
1956 6577 2103 6628 0010066060
2123 6577 2253 6644 generali,
2284 6591 2334 6630 non
2362 6579 2387 6628 in

443 6679 477 6688 -
505 6653 645 6704 attenditur
667 6655 813 6708 secundum
839 6657 1028 6720 praelationem
1069 6687 1104 6700 -
1127 6663 1152 6714 16
1178 6661 1302 6714 omnibus
1327 6657 1463 6714 ordinibus
1489 6661 1567 6716 datur
1595 6671 1709 6730 00100100
1747 6665 1851 6730 speciali
1872 6663 1903 6716 Ν
1924 6665 1974 6716 618
1996 6663 2023 6716 6*
2048 6693 2083 6704 -
2107 6681 2156 6718 006
2183 6667 2229 6720 606
2254 6669 2279 6716 66
2306 6669 2387 6722 veteri

389 6745 414 6792 et
432 6739 620 6794 subiectionem
642 6743 674 6794 Ν
692 6743 1032 6800 6686-60010000660-
1070 6743 1209 6814 spiritualis
1227 6751 1271 6804 vel
1289 6751 1323 6804 ad
1342 6751 1503 6816 spiritualem
1526 6753 1650 6808 ordinans
1675 6757 1709 6810 Ν
1748 6753 1806 6820 lege
1825 6757 1848 6804 in
1869 6755 1992 6822 veritate,
2012 6755 2059 6808 scd
2083 6757 2109 6806 in
2134 6757 2217 6822 ligura
2245 6759 2268 6806 06
2293 6757 2389 6820 signiti-

389 6833 428 6880 cet
447 6831 472 6880 in
491 6829 603 6884 subditis
622 6847 729 6886 servare
759 6833 879 6888 debiturn
909 6837 1029 6888 ordinem
1070 6839 1121 6890 622
1142 6837 1179 6890 6*.
1190 6839 1239 6890 626
1261 6855 1329 6892 a-
1347 6841 1373 6892 ln
1391 6837 1526 6894 066666600
1539 6845 1620 6896 000660
1634 6845 1710 6900 60100
1748 6845 1848 6896 catione
1868 6843 1900 6896 Ν
1920 6843 1965 6896 dat
1990 6843 2016 6896 b.
2036 6845 2086 6896 668
2108 6861 2122 6898 0
2142 6873 2176 6882 -
2195 6844 2388 6906 inlegcveteri

387 6915 408 6966 ll
426 6915 476 6966 813
495 6919 514 6970 l.
542 6921 556 6970 2
1070 6929 1204 6980 character
1222 6939 1248 6980 et
1275 6933 1389 6994 00600100
1413 6927 1509 6982 6061160
1532 6939 1557 6984 01
1582 6935 1709 6988 excellens
1748 6935 1794 6986 1661
1813 6933 2290 7000 figuralis,cumolierrctursignum
2309 6951 2388 6990 uerae
