5808 8400
940 797 1007 848 m
1395 721 1536 788 1433144
1559 721 1763 788 cesenates
1784 725 1911 790 RERUM
2297 805 2359 860 alit}
2581 711 2644 776 aba

656 887 803 940 5444144444
823 897 858 940 rc,
878 883 1027 934 [liberantes
1045 883 1098 934 solu
1116 887 1216 940 ratione
1234 887 1297 940 ibid.
1335 889 1418 944 4044
1442 893 1504 948 Vide
1527 895 1555 946 V.
1574 897 1716 950 Peccatum
1736 893 1773 950 te
1789 903 1813 948 et
1837 897 1865 948 V.
1880 899 1968 950 Poetto
2009 895 2058 946 636
2079 893 2106 946 9*
2126 921 2160 934 -
2180 897 2305 946 84444444
2324 899 2348 944 ct
2367 905 2456 944 creare
2474 897 2512 942 est
2529 887 2646 954 aequalis

659 975 708 1026 438
729 973 745 1024 b
1333 977 1485 1034 -aurttun,
1500 1009 1533 1018 -
1547 995 1597 1034 non
1618 985 1708 1034 transit
1725 997 1785 1034 eum
1799 989 1857 1034 actu
1880 983 1968 1034 44776
2008 981 2111 1034 virtutis
2131 983 2148 1032 44
2168 983 2220 1034 633
2240 995 2296 1044 arg.
2317 983 2332 1032 9

711 1085 746 1096 -
766 1053 916 1106 &euntium
935 1055 1049 1106 rationes
1077 1059 1208 1124 44444444,
1228 1073 1295 1124 quae
1333 1061 1360 1112 d.
1379 1065 1404 1116 4.
1421 1067 1507 1118 9754
2060 1095 2095 1106 -
2112 1077 2151 1118 444
2168 1083 2183 1118 4
2203 1067 2259 1118 solo
2273 1067 2325 1118 4144
2343 1075 2372 1118 44
2385 1065 2511 1130 principio
2524 1061 2643 1114 4114444444

658 1149 762 1196 manent
781 1139 863 1190 inDei
882 1139 1295 1210 t·oluntate,iluntea,adquae
1387 1177 1419 1188 -·
1438 1165 1488 1202 non
1510 1153 1634 1204 tundatur
1652 1169 1731 1218 super
1749 1161 1837 1206 actum
1855 1159 1967 1218 practer·
2009 1153 2095 1204 11636
2118 1153 2146 1204 9*
2173 1181 2210 1192 -
2233 1153 2307 1216 Opus
2331 1151 2497 1204 recreationis
2521 1145 2645 1209 competit

656 1235 773 1284 creatura
793 1225 889 1276 nuttam
911 1225 987 1278 4441444
1007 1231 1294 1296 ρο(44444444,44444444·
1332 1235 1395 1286 itum
1424 1237 1441 1286 44
1471 1237 1523 1288 975
1550 1253 1565 1286 a
1594 1263 1629 1274 ·-
1656 1253 1709 1292 non
1736 1239 1860 1292 tundatur
1889 1253 1968 1304 super
2006 1241 2028 1290 ei
2047 1241 2090 1292 cui
2108 1253 2176 1302 opus
2195 1241 2332 1292 creationis
2349 1241 2380 1290 444
2407 1239 2457 1290 495
2480 1251 2535 1300 arg.
2571 1235 2578 1284 4
2610 1257 2646 1270 -

656 1313 803 1368 dientialem
824 1317 923 1362 44444444
945 1312 963 1364 ll
982 1313 1033 1364 436
1052 1313 1070 1364 44
1090 1341 1124 1352 -
1145 1319 1293 1370 Secundum
1332 1323 1485 1382 pronitatem
1505 1321 1620 1376 414141.-
1641 1325 1861 1388 tundatursuper
1885 1325 1967 1376 detor·
2007 1325 2071 1376 Toto
2098 1325 2211 1376 Trinitas
2238 1333 2339 1376 recreat
2363 1325 2451 1376 dando
2478 1323 2589 1388 gratiam
2619 1317 2645 1368 lll

656 1403 769 1454 rationes
788 1397 905 1448 causales
922 1399 965 1464 nt,
983 1399 1053 1464 quod
1075 1409 1113 1452 444
1132 1403 1158 1452 44
1178 1405 1290 1466 potentio
1332 1405 1460 1470 4444444444,
1487 1415 1516 1460 ut
1541 1409 1602 1460 dicit
1632 1409 1748 1462 debitunt
1777 1409 1892 1462 habendi
1910 1427 1967 1474 gra·
2007 1411 2057 1462 938
2081 1409 2105 1460 1*
2125 1439 2159 1448 -
2181 1415 2254 1462 04444
2267 1417 2304 1462 est
2319 1419 2408 1462 auctor
2421 1409 2586 1464 recreationis
2599 1419 2646 1466 per

657 1495 779 1550 naturae,
797 1483 843 1534 4444
861 1485 1012 1538 immediate
1032 1487 1184 1550 perducitur
1204 1487 1235 1538 ad
1256 1489 1290 1538 el·
1331 1491 1393 1540 tiana
1411 1489 1474 1544 icta.
1494 1507 1534 1558 sq.
1551 1493 1604 1544 976
1623 1493 1650 1544 d.
1673 1499 1679 1546 Ι
1704 1523 1738 1532 -
1751 1495 1875 1546 tondatur
1889 1511 1968 1560 super
2007 1497 2124 1548 Verbum
2136 1499 2208 1550 41139
2225 1495 2298 1546 Ι*-
2309 1499 2355 1548 Per
2366 1497 2482 1548 Verbum
2494 1497 2644 1556 increatum,

656 1569 1178 1626 1444444114374-[144444444444414
1202 1575 1292 1624 muntii
1331 1575 1450 1638 44444444,
1469 1579 1494 1626 44
1515 1589 1643 1642 quantum
1660 1589 1701 1632 est
1718 1582 1819 1632 44444414
1838 1587 1863 1632 44
1883 1583 1968 1634 detor·
2006 1583 2151 1634 secundom
2170 1583 2243 1648 quod
2272 1585 2447 1648 incarnatum,
2470 1583 2559 1634 omnia
2586 1585 2646 1628 sunt

656 1657 747 1710 indidit
767 1655 846 1706 rebus
863 1659 977 1724 rationes
994 1659 1127 1718 causales,
1148 1657 1292 1708 secundum
1331 1661 1419 1724 mitas,
1439 1673 1565 1726 quaeest
1593 1665 1617 1714 in
1647 1667 1734 1718 anima
1754 1667 1901 1720 introducta
1920 1683 1968 1732 per
2006 1675 2119 1718 recreata
2140 1671 2300 1720 4441444444
2321 1671 2349 1718 44*
2372 1669 2403 1720 67
2424 1669 2646 1720 t·-flcrrcator

656 1757 722 1810 quas
740 1749 824 1794 cetera
845 1739 935 1794 644444
954 1743 972 1792 44
994 1743 1041 1790 448
1061 1743 1080 1792 1.
1099 1741 1113 1790 6
1330 1751 1416 1796 ectum
1438 1747 1455 1797 tt
1475 1745 1527 1796 975
1545 1747 1563 1798 b
1583 1763 1623 1812 sq.
1644 1779 1676 1788 —
1697 1765 1796 1814 poenae
1816 1755 1966 1816 temporalis
2006 1755 2073 1802 sicut
2089 1765 2178 1808 auctor
2198 1761 2235 1806 444
2255 1761 2305 1806 4444
2322 1755 2449 1820 Trinitas,
2468 1755 2534 1804 sieut
2548 1751 2646 1802 4444444-

708 1857 743 1868 -
761 1829 787 1880 14
806 1829 906 1880 semine
930 1841 981 1878 non
1010 1833 1048 1878 est
1077 1829 1143 1878 ratio
1161 1829 1292 1880 seminalis
1331 1829 1552 1892 tundatnrsuper
1573 1841 1658 1886 actum
1679 1839 1848 1898 praeteritum
1868 1835 1930 1892 ibid.
2006 1847 2045 1890 tor
2065 1839 2181 1892 Cbristos
2199 1841 2231 1892 ll'
2252 1839 2324 1892 734)

655 1921 775 1980 respectu
794 1913 916 1976 alicuius,
935 1913 970 1964 ad
987 1911 1059 1978 equod
1086 1925 1137 1962 non
1158 1913 1234 1964 nabet
1253 1925 1292 1964 or·
1385 1943 1419 1952 —
1437 1923 1523 1978 potest
1540 1917 1641 1970 absolsi
1659 1921 1673 1970 41
1695 1921 1746 1972 375
1765 1937 1778 1972 4
1797 1949 1834 1960 -
1853 1937 1903 1974 444
1923 1925 1968 1976 444-
2057 1951 2093 1964 -
2112 1925 2165 1978 Non
2188 1929 2274 1978 minus
2291 1925 2443 1988 obligamur
2462 1927 2514 1976 [ico
2533 1937 2581 1988 pro
2601 1921 2647 1974 be·

656 2003 812 2054 dinationem
827 1999 972 2050 secundum
986 2007 1123 2060 naturam,
1139 1999 1209 2064 quod
1224 1997 1292 2048 Deus
1331 1997 1440 2050 soluitur
1459 1999 1558 2066 absque
1580 2007 1660 2066 gratia
1677 2003 1738 2058 ibid.
1757 2005 1818 2058 Vide
1835 2009 1863 2058 V.
1879 2009 1966 2062 Poena
2007 2011 2097 2062 netlcio
2108 2015 2277 2064 recreationis
2287 2027 2367 2078 quam
2383 2027 2431 2078 pro
2443 2013 2646 2064 beneticiocrca·

655 2091 716 2142 14414
732 2101 763 2138 444
791 2087 834 2138 4444
862 2087 976 2150 semine,
995 2087 1055 2152 quia
1085 2091 1204 2148 respectu
1225 2084 1293 2136 iltius
1331 2083 1478 2138 -renttssie
2006 2099 2081 2146 tionis
2099 2097 2129 2146 444
2150 2099 2202 2148 444
2223 2099 2241 2150 t,
2264 2101 2279 2150 q

655 2189 705 2228 non
726 2173 802 2226 babet
821 2175 875 2224 vim
905 2175 1062 2226 sufficienter
1091 2177 1216 2234 activam,
1244 2171 1292 2222 scd
1385 2173 1556 2222 lleoaertzune
1576 2201 1608 2210 -
1629 2175 1739 2226 lnfldelis
1760 2189 1810 2228 non
1835 2185 1874 2228 est
1894 2179 1967 2232 reba·
2058 2207 2093 2218 -
2112 2183 2202 2246 imago
2215 2185 2383 2234 recreationis
2395 2187 2511 2236 consistit
2523 2183 2548 2234 itt
2564 2183 2643 2246 gratia

655 2265 798 2328 passivam,
828 2261 974 2314 secundum
1001 2273 1083 2324 quam
1110 2259 1291 2312 subministret
1332 2259 1467 2322 ptieandos
1490 2259 1525 2308 lV
1548 2259 1620 2310 5814
1644 2289 1679 2298 «-
1700 2261 1884 2324 liebaptizatus
1901 2267 1964 2318 intu-
2005 2271 2029 2316 44
2048 2265 2132 2318 tribus
2150 2269 2290 2320 virtutibus
2311 2271 2464 2334 theologicis
2483 2269 2643 2330 tttaaanrg.

653 2349 816 2414 corporalem
838 2347 1007 2400 substantiam
1029 2347 1055 2398 141
1078 2347 1109 2396 89
1130 2345 1158 2396 3*
1331 2345 1410 2398 444444
1428 2344 1560 2408 baptismo
1580 2345 1611 2396 tv
1634 2345 1682 2396 159
1703 2345 1738 2398 3*.
1765 2347 1815 2398 334
1844 2347 1872 2398 4*
1904 2351 1967 2402 Vide
2006 2349 2104 2402 lVide
2129 2353 2157 2402 V.
2177 2351 2361 2420 1444444158
2382 2355 2418 2418 tt).

707 2463 741 2474 -
761 2437 786 2488 in
805 2433 903 2486 diuinis
924 2433 1092 2498 praedicatur
1118 2431 1153 2486 de
1178 2433 1291 2484 essentia
1337 2429 1362 2482 V.
1382 2431 1734 2498 Baptismus-necessarius.
2057 2437 2641 2494 1444444444-414444444444444444544444144444

655 2525 662 2576 4
682 2525 690 2574 4
704 2525 732 2574 43
752 2521 783 2572 9*
1384 2519 1508 2570 Recesscs
1526 2541 1559 2554 -
1586 2519 1687 2582 Quanto
1711 2519 1808 2584 aliquid
1834 2519 1932 2570 recedit
1952 2537 1964 2572 a
2004 2535 2054 2570 non
2073 2521 2123 2572 exit
2142 2523 2175 2574 ab
2195 2527 2317 2576 extremis
2334 2525 2352 2576 ll
2375 2525 2419 2576 414
2434 2553 2466 2564 -
2489 2525 2641 2576 3440440444

707 2611 874 2660 3444444444
894 2606 1035 2658 -dicitur
1046 2605 1218 2672 aliquid,aut
1229 2605 1290 2670 quia
1331 2605 1415 2668 primo
1433 2613 1460 2656 44
1477 2617 1583 2656 summe
1601 2603 1626 2654 in
1646 2604 1689 2656 illo
1709 2611 1902 2670 genere,tanto
1921 2609 1967 2658 mi·
2004 2618 2054 2657 non
2075 2611 2463 2672 aequaturnecconlormatur
2492 2625 2537 2662 nec
2566 2613 2644 2662 conti·

654 2707 798 2748 consonum
811 2695 953 2744 4444444444
973 2693 1089 2744 elevatae
1106 2699 1132 2742 44
1151 2693 1292 2744 illustratae
1331 2705 1379 2742 nus
1398 2689 1476 2744 babet
1494 2691 1528 2742 de
1551 2691 1711 2754 porrectione
1728 2697 1755 2740 44
1773 2691 1965 2754 complemento
2005 2697 2097 2742 nnatur
2116 2695 2163 2744 nisi
2183 2699 2283 2744 rectum
2309 2693 2341 2744 ib.
2373 2709 2400 2760 a,
2428 2697 2445 2746 b
2472 2723 2507 2732 -
2534 2697 2643 2746 liectum

653 2783 784 2834 alumine
801 2781 917 2830 veritatis
935 2791 1080 2840 supernae,
1099 2777 1290 2842 autquiacon·
1329 2777 1426 2828 144668
1447 2791 1503 2840 arg.
1526 2777 1532 2826 l
1561 2775 1623 2828 Vide
1646 2777 1673 2828 V.
1697 2775 1787 2846 Origo.
2003 2783 2085 2828 stante
2103 2779 2258 2830 rectitudine
2281 2791 2331 2828 non
2363 2787 2447 2842 potest
2474 2779 2601 2846 obliquari
2625 2781 2642 2832 11

652 2879 745 2918 sonum
765 2873 803 2916 est
822 2867 913 2914 rationi
942 2875 1086 2914 conversae
1112 2863 1147 2914 od
1166 2863 1290 2928 cognitio·
1381 2891 1413 2902 -
1435 2866 1482 2914 Per
1501 2875 1634 2914 recessum
1653 2863 1686 2914 ab
1715 2877 1769 2916 uno
1792 2861 1821 2914 tit
1845 2865 1966 2928 multipli·
2005 2861 2057 2914 465
2077 2861 2092 2912 4.
2111 2863 2128 2912 6
2147 2889 2183 2900 -
2201 2863 2277 2928 Quotl
2297 2873 2365 2914 reetc
2384 2867 2530 2918 ordinatum
2552 2873 2640 2916 estse·

653 2965 712 3004 nent
731 2949 879 3002 sensibilem
900 2951 927 3000 111
953 2951 1003 3002 479
1026 2947 1052 2998 4*
1071 2977 1106 2986 -
1127 2949 1227 3000 14441444
1257 2949 1289 2998 ad
1328 2951 1395 3002 catio
1422 2951 1457 3002 tv
1481 2949 1532 3000 508
1559 2949 1629 3002 b—
1649 2951 1751 3014 Qttaoto
1771 2951 1852 3002 mator
1871 2957 1909 3002 est
1928 2965 1965 3002 re·
2003 2949 2118 3000 cundum
2141 2949 2211 3014 qttod
2231 2951 2384 3002 huiusmodi
2413 2965 2463 3002 4444
2491 2949 2571 3002 tendit
2595 2951 2643 3000 nist

652 3037 781 3090 sensibilia
805 3049 948 3086 conversae
975 3035 1060 3092 multa,
1082 3035 1206 3088 ridentur
1230 3037 1290 3086 1444-
1329 3033 1449 3088 cessusa
1471 3035 1698 3100 principio,tonto
1715 3037 1798 3100 magis
1814 3035 1925 3090 tenditur
1940 3041 1964 3088 in
2004 3035 2034 3086 ad
2057 3045 2155 3088 rectum
2177 3037 2193 3088 tt
2213 3037 2265 3086 369
2285 3037 2336 3088 ta

652 3125 796 3188 tionabilia,
815 3135 884 3188 quae
898 3123 1020 3174 videntur
1039 3121 1115 3172 valde
1129 3121 1288 3174 rationabilia
1329 3123 1519 3176 multitudinem
1538 3123 1572 3174 lV
1592 3123 1644 3174 634
1661 3139 1718 3188 arg.
1740 3125 1756 3174 4
1772 3123 1844 3174 -14
1859 3137 1964 3176 4444554
2056 3149 2090 3162 -
2110 3125 2217 3176 1444444444
2238 3131 2277 3176 444
2295 3123 2372 3176 iudex
2396 3127 2436 3174 sui
2463 3132 2490 3174 ct
2511 3123 2609 3188 obliqui
2636 3125 2643 3174 l

651 3209 801 3264 Christianis
830 3207 891 3260 idid.
916 3239 950 3248 -
969 3209 1113 3260 secundum
1142 3209 1289 3260 illustratio·
1328 3209 1360 3260 ab
1381 3211 1476 3262 unitate
1494 3217 1532 3260 est
1550 3209 1965 3274 delectastirtutisetperfectio
2004 3209 2059 3260 697
2079 3209 2105 3260 b.
2126 3211 2143 3260 ll
2163 3209 2214 3260 886
2234 3209 2261 3260 b.
2279 3209 2332 3260 919
2351 3225 2365 3260 4
2386 3237 2421 3248 -
2445 3211 2519 3260 114414
2547 3209 2642 3260 1444114444

651 3311 711 3350 nent
731 3297 851 3350 Veritatis
875 3309 1005 3360 supernae
1034 3309 1139 3360 semper
1163 3304 1289 3348 consonat
1328 3295 1555 3348 retractius
1976 3363 1977 3366 ¹
2004 3299 2034 3346 04
2055 3305 2126 3346 44444
2144 3303 2168 3346 44
2195 3295 2302 3362 obliquo
2330 3309 2378 3358 per
2405 3299 2529 3348 rationem
2560 3297 2641 3360 ipsius

650 3385 738 3436 virtuti
759 3383 905 3448 perlectae,
925 3397 976 3434 non
996 3395 1059 3434 vero
1081 3383 1231 3434 rationabile
1252 3397 1289 3434 se·
1382 3383 1610 3434 Ἥ4444441444
1632 3385 1965 3448 quoetaccessusadtcr-
2003 3383 2064 3434 recti
2084 3383 2111 3432 444
2132 3383 2184 3432 570
2204 3381 2230 3432 9*
2258 3409 2292 3418 -
2322 3395 2430 3434 manens
2448 3383 2575 3434 rectitudo
2602 3387 2641 3432 est

650 3471 767 3524 cundum
786 3471 984 3520 conversionem
1006 3467 1038 3520 ad
1058 3469 1188 3520 sensibilia
1211 3467 1272 3520 ibid.
1328 3469 1426 3520 minum
1448 3469 1480 3520 ad
1500 3483 1579 3534 qoem
1598 3481 1650 3520 non
1669 3471 1860 3522 tacitdircrsos
1880 3479 1965 3522 motus
2003 3469 2068 3520 ratio
2086 3467 2262 3532 cognoscendi
2282 3467 2395 3532 molum,
2417 3467 2462 3520 sed
2483 3481 2532 3518 tion
2563 3481 2641 3518 rausa

703 3583 739 3594 -
758 3557 783 3606 in
802 3555 928 3618 operibus
949 3555 992 3604 liei
1016 3551 1074 3606 uide
1097 3551 1125 3604 l'.
1146 3555 1217 3606 114444
1234 3551 1286 3618 44,
1327 3555 1344 3606 ll
1364 3557 1415 3608 973
1435 3555 1487 3608 1.4
1513 3553 1574 3608 Vide
1595 3555 1623 3606 V.
1644 3557 1782 3610 Accessere.
2004 3555 2063 3606 nrali
2084 3557 2131 3604 nisi
2150 3553 2305 3606 declinando
2324 3569 2337 3602 a
2358 3555 2510 3606 rectitudine
2528 3559 2554 3606 44
2579 3551 2642 3602 41411-

650 3637 692 3692 35
712 3647 735 3692 44
759 3641 788 3692 V.
805 3637 1077 3706 Potentia-perseum.
1381 3643 1519 3692 4444444444
1537 3667 1574 3680 -
1591 3639 1650 3692 cide
1672 3641 1702 3692 V.
1721 3641 1862 3694 Peccatum
1882 3639 1919 3698 91
1943 3649 1966 3692 44
2003 3641 2095 3692 ciendo
2115 3641 2191 3692 1683
2204 3639 2232 3690 ii*

702 3729 845 3778 1144444444
862 3753 898 3764 -
917 3725 1013 3778 dicitur
1032 3725 1139 3788 proprie
1157 3725 1228 3790 quod
1250 3737 1288 3776 ra·
1333 3725 1357 3776 V.
1378 3725 1696 3794 Paenitentia-permoto.
2055 3751 2090 3764 -
2110 3729 2228 3788 privatur
2246 3725 2421 3790 obliquatione
2436 3725 2453 3776 14
2471 3725 2522 3776 893
2542 3739 2556 3776 a
2581 3723 2642 3776 Vide

649 3815 744 3866 tionem
765 3813 916 3876 participat,
940 3819 967 3864 et
993 3811 1065 3872 large
1094 3809 1165 3874 quod
1195 3809 1287 3862 rationi
1378 3813 1503 3864 Recreatus
1522 3825 1626 3872 -non
1646 3817 1685 3864 est
1705 3813 1752 3862 nisi
1772 3815 1808 3864 rei
1834 3815 1965 3864 existentis
2010 3809 2034 3860 V.
2057 3809 2212 3878 obliquitas.
2235 3837 2271 3848 -
2294 3811 2387 3876 Linea,
2416 3825 2484 3876 equae
2510 3811 2592 3874 magis
2617 3815 2642 3860 et

649 3897 737 3952 obedit
756 3899 785 3949 141
804 3897 856 3948 746
875 3895 894 3950 b
914 3911 954 3962 sq.
1326 3899 1350 3948 in
1370 3899 1498 3960 potentia,
1518 3895 1662 3948 seeundum
1685 3899 1757 3962 qood
1775 3899 1926 3950 huiusmodi
1948 3899 1965 3950 ll
2003 3899 2087 3960 magis
2105 3903 2244 3956 44444444,
2264 3897 2349 3944 minus
2368 3905 2406 3948 cst
2428 3895 2520 3948 babilis
2538 3895 2572 3946 ad
2591 3893 2641 3944 4444

700 4011 736 4022 -
753 3981 876 4034 Nobilitas
896 3983 1039 4036 essentialis
1056 3987 1192 4034 creaturae
1212 3983 1287 4034 ratio·
1328 3982 1376 4034 418
1397 3983 1413 4034 t.
1433 3983 1449 4034 4
1468 4009 1502 4020 -
1522 3981 1604 4034 Omne
1620 3983 1748 4046 recipiens
1763 3983 1840 4034 debet
1852 3997 1910 4034 esse
1924 3985 1965 4036 de·
2004 3983 2157 4046 positionem
2179 3981 2338 4034 rectitudinis
2357 3981 2374 4031 lt
2394 3983 2478 4034 8934

649 4071 714 4122 natis
739 4077 792 4132 est,
822 4071 895 4136 quod
920 4073 989 4120 44444
1018 4069 1192 4132 principatum
1222 4067 1287 4120 inter
1326 4069 1483 4122 nudatuma
1506 4069 1587 4118 torma
1608 4071 1706 4132 recepti
1726 4067 1861 4120 4443991.
1883 4071 1908 4122 5.
1931 4071 1962 4122 lV
2056 4095 2091 4104 -
2111 4069 2226 4118 consistit
2245 4067 2269 4118 ln
2288 4067 2380 4118 ordine
2399 4065 2574 4130 potentiaead
2593 4063 2637 4116 ob·

648 4163 752 4208 naturas
771 4163 869 4208 creatos
889 4156 907 4207 41
933 4155 983 4204 406
1013 4153 1038 4208 b.
1070 4153 1287 4204 4071*--Ν4-
1327 4156 1395 4208 4090
1413 4157 1431 4208 4.
1451 4157 1480 4220 3,
1502 4153 1529 4206 4*
2003 4157 2097 4206 lectum
2118 4151 2215 4204 144743
2237 4151 2472 4204 4*-44444144444
2491 4151 2637 4202 4444441445

647 4247 704 4294 tura
724 4241 855 4292 rationalis
874 4255 924 4292 non
945 4239 1155 4292 estordinabllls
1173 4239 1208 4292 od
1229 4247 1287 4302 per·
1377 4269 1412 4280 -
1430 4241 1506 4308 Quod
1526 4241 1616 4304 recipit
1636 4241 1668 4292 ab
1689 4243 1738 4294 alio
1759 4243 1854 4306 patitur
1875 4241 1908 4294 ab
1922 4243 1964 4294 lilo
2001 4237 2117 4292 18541.
2138 4239 2162 4292 4.
2183 4239 2235 4291 414
2256 4253 2268 4290 4
2288 4265 2324 4278 -··
2351 4241 2520 4292 41144444444
2544 4237 2637 4290 iustitia

648 4329 780 4378 tectiorem
809 4327 920 4378 sormam
950 4326 1037 4376 44406
1067 4325 1140 4376 b-
1161 4325 1284 4378 Creatura
1324 4327 1356 4380 lV
1382 4329 1446 4378 1090
1465 4341 1522 4392 arg.
1541 4329 1551 4378 t
1575 4353 1609 4366 -·
1628 4329 1739 4380 Potentia
1754 4329 1911 4392 suscipiendi
1925 4335 1964 4382 est
2002 4325 2115 4378 48531.
2137 4325 2160 4378 4.
2182 4327 2268 4378 41749
2295 4325 2322 4376 b.
2342 4323 2395 4376 744
2421 4341 2445 4376 a.
2468 4325 2518 4376 393
2539 4337 2554 4376 4
2577 4321 2640 4378 Vide

646 4413 777 4464 rationalis
804 4419 844 4462 est
869 4411 1035 4464 excellentior
1061 4411 1185 4462 omnibus
1213 4409 1284 4474 aliis,
1326 4415 1435 4478 potentia
1457 4427 1524 4478 pure
1548 4415 1652 4478 passiva
1676 4415 1683 4464 l
1709 4413 1760 4466 749
1782 4411 1809 4464 Ι*
1828 4439 1862 4452 ·-
1882 4415 1964 4466 04444
2006 4413 2033 4466 V.
2054 4409 2168 4466 lustitia.

646 4511 714 4564 quae
732 4507 792 4550 sunt
811 4497 844 4548 de
862 4499 1044 4550 constitutione
1066 4497 1181 4550 uniuersi
1204 4497 1230 4548 144
1250 4497 1285 4548 37
1324 4499 1485 4564 illud,quod
1505 4505 1543 4550 est
1562 4499 1727 4564 susceptibile
1746 4499 1963 4566 special,estali-
2051 4523 2088 4538 -
2105 4499 2218 4550 maximo
2246 4499 2361 4550 consistit
2384 4499 2452 4550 circa
2475 4496 2637 4550 voluntatem

649 4585 666 4634 4.
688 4583 756 4634 t-
777 4583 900 4634 creatura
928 4583 1060 4634 rationalis
1088 4583 1143 4634 solo
1161 4583 1225 4634 iacta
1244 4589 1285 4634 est
1325 4597 1377 4650 quo
1397 4585 1476 4636 modo
1496 4583 1618 4648 possibile
1638 4587 1655 4636 44
1676 4585 1726 4636 568
1747 4585 1964 4648 orgi—Dens
2000 4589 2025 4636 44
2043 4583 2205 4636 allectionem
2224 4583 2253 4634 114
2270 4583 2323 4634 716
2345 4581 2371 4632 4*
2388 4583 2540 4634 -virtutis
2554 4583 2639 4646 magis

614 4733 618 4742 Α
648 4667 681 4720 444
704 4669 747 4718 Dei
768 4671 909 4730 imaginem
928 4677 954 4718 et
971 4667 1167 4720 similitudinem
1187 4667 1286 4720 4645
1325 4671 1386 4732 nibil
1406 4677 1491 4734 potest
1510 4671 1626 4734 recipere
1646 4669 1724 4721 1748
1744 4685 1799 4732 arg.
1821 4671 1831 4722 4
1999 4669 2139 4722 attenditur
2156 4683 2238 4734 penes
2256 4683 2286 4720 oa
2315 4683 2383 4734 quae
2407 4675 2467 4720 sunt
2495 4669 2637 4720 allectionis

647 4781 681 4794 -
706 4755 771 4806 inter
794 4767 887 4805 ontnes
911 4763 1042 4806 creaturas
1071 4751 1124 4802 sola
1154 4755 1285 4804 rationalis
1378 4781 1410 4792 -
1430 4753 1753 4820 Omne,quodrecipltur
1770 4757 1962 4820 ineliquo,cst
1999 4757 2027 4806 ill
2046 4753 2098 4806 657
2118 4753 2146 4806 9*
2163 4781 2200 4792 -
2217 4755 2312 4806 mentis
2324 4755 2468 4806 radicaliter
2482 4755 2597 4806 consistit
2612 4755 2637 4804 in

647 4847 765 4892 creatura
789 4841 936 4902 expressius
962 4837 1117 4890 assimilatur
1144 4839 1196 4890 beo
1221 4835 1282 4890 ibid.
1324 4839 1357 4892 4144
1373 4853 1419 4904 per
1433 4841 1541 4892 modum
1553 4843 1618 4902 eius,
1634 4843 1658 4892 ln
1671 4853 1725 4906 qtm
1738 4841 1861 4892 4444599
1877 4855 1899 4892 4.
1910 4841 1962 4892 693
2000 4853 2088 4892 amore
2107 4841 2125 4890 ll
2147 4841 2198 4892 195
2216 4839 2235 4890 b
2253 4865 2288 4878 ·-
2307 4841 2401 4890 14444444
2420 4843 2459 4890 444
2480 4841 2524 4904 qui
2553 4838 2636 4900 diligit

651 4925 714 4978 Vide
741 4925 770 4976 V.
794 4919 927 4976 11444444.
958 4951 989 4962 -
1009 4923 1131 4976 creatura
1151 4923 1285 4976 rationalis
1324 4925 1612 4988 nugacitati!
1638 4925 1837 4976 49919998
1865 4925 1957 4978 14364
2000 4925 2140 4976 bonitatem
2159 4927 2178 4976 ll
2199 4925 2480 4976 tb-liectltlcatio
2500 4925 2600 4974 4414444
2614 4925 2638 4974 44

648 5013 732 5074 magis
749 5009 908 5062 assimilatur
925 5009 979 5062 Deo
998 5009 1149 5076 qualitative
1167 5011 1223 5060 slve
1247 5009 1286 5060 ln·
1324 5009 1360 5062 6*.
1380 5013 1412 5064 141
1432 5013 1467 5062 90
1484 5025 1541 5074 arg.
1562 5013 1586 5060 3.
1604 5011 1634 5060 91
1658 5027 1715 5076 arg.
1734 5011 1761 5064 t.
1778 5011 1830 5062 386
1849 5027 1874 5062 n.
1897 5011 1962 5062 1049
2000 5013 2054 5062 suls
2067 5011 2191 5074 operibns
2201 5011 2358 5060 sufficienter
2368 5009 2507 5060 attenditur
2518 5015 2638 5072 respectu

647 5099 745 5148 tensive
765 5095 792 5148 141
813 5097 846 5146 33
866 5093 895 5144 4*
1323 5109 1380 5158 arg.
1399 5099 1413 5148 3
1433 5123 1468 5136 -
1487 5093 1584 5158 Omne,
1602 5097 1674 5162 equod
1696 5099 1819 5162 recipitur
1831 5097 1854 5146 in
1876 5097 1962 5162 aliquo
2000 5097 2114 5150 veritatis
2132 5103 2157 5148 ct
2177 5095 2297 5148 bonitatis
2317 5095 2333 5144 ll
2354 5095 2404 5146 053
2425 5095 2451 5146 d.
2473 5095 2479 5144 t

700 5181 811 5232 —Sola
833 5179 974 5234 substantia
1001 5183 1132 5234 rationalis
1151 5189 1189 5234 est
1209 5181 1286 5234 beati·
1323 5189 1348 5234 et
1367 5183 1497 5246 dependet
1517 5197 1530 5234 a
1550 5183 1764 5246 recipiente,est
1781 5181 1816 5232 ibi
1836 5195 1884 5246 per
1907 5195 1963 5234 mo·
2052 5205 2087 5220 -
2105 5183 2197 5234 44444444
2222 5193 2328 5242 semper
2353 5189 2393 5232 est
2419 5185 2487 5232 recta
2516 5183 2636 5240 respectu

647 5267 1285 5318 044146144441444441441115193314-044444
1324 5267 1387 5318 dum
1405 5269 1553 5330 recipientis
1573 5267 1650 5318 1647
1670 5269 1727 5318 b.lt
1749 5265 1959 5332 8‘2l*—Quod
1999 5267 2114 5330 illorum,
2134 5267 2167 5318 ad
2195 5279 2263 5330 quae
2291 5272 2413 5316 moretur
2443 5265 2590 5314 naturaliter
2621 5267 2636 5316 44

648 5351 804 5406 substantiae
831 5353 967 5406 rationales
990 5359 1064 5406 444444
1089 5359 1150 5404 sunt
1173 5353 1233 5404 14444
1259 5355 1284 5404 14
1323 5353 1446 5418 recipitur
1465 5353 1542 5404 debet
1561 5367 1619 5404 esse
1632 5355 1764 5406 conlorrne
1778 5355 1911 5418 ei,aquo
1924 5367 1961 5404 44
2004 5353 2050 5404 166
2071 5351 2097 5402 9*
2123 5351 2184 5404 Vide
2208 5351 2234 5402 V.
2254 5349 2413 5404 Intellectus.
2435 5375 2471 5390 -
2499 5363 2567 5414 quae
2594 5351 2637 5400 tto·

649 5441 729 5490 Deum
749 5439 898 5492 immediate
918 5441 933 5488 44
956 5439 1005 5492 997
1025 5437 1053 5492 3*
1080 5437 1140 5492 Vide
1161 5439 1191 5492 V.
1209 5435 1286 5492 Oreo·
1324 5439 1417 5502 cipitur
1436 5439 1583 5504 4173444.
1602 5439 1618 5488 3
2000 5439 2062 5490 mini
2081 5439 2237 5502 imputatur,
2257 5443 2294 5488 cst
2314 5451 2382 5502 quae
2405 5435 2484 5488 trabct
2510 5445 2596 5488 ortum
2624 5447 2637 5486 a

648 5523 794 5592 tetro-fiais
812 5531 839 5576 44
861 5523 890 5576 V.
908 5525 993 5578 Homo
1013 5523 1042 5590 2,
1064 5523 1095 5578 5.
1376 5525 1557 5576 8444444444
1577 5549 1611 5562 -
1631 5527 1655 5576 44
1674 5521 1860 5576 causalibusct
1877 5525 1962 5576 causis
1999 5529 2072 5588 parte
2090 5523 2241 5574 4404414144
2261 5523 2313 5572 743
2333 5519 2361 5570 5*
2385 5519 2447 5574 Vide
2468 5521 2498 5572 V.
2511 5519 2636 5572 Liberum

698 5637 736 5648 -
762 5609 816 5662 4144
845 5612 975 5662 rationalis
1003 5619 1119 5664 creatura
1154 5615 1217 5664 tacta
1247 5617 1286 5662 ost
1325 5623 1374 5660 non
1394 5601 1519 5676 recipitur
1537 5611 1543 5660 4
1564 5609 1615 5660 aaa
1640 5612 1656 5662 4.
1686 5611 1706 5660 4.
1725 5609 1777 5662 637
1805 5623 1863 5672 arg.
1894 5610 1916 5674 l,
1945 5609 1962 5662 b
1998 5605 2187 5662 444144144441.

648 5711 731 5762 prope
750 5697 833 5748 Deum
851 5703 876 5748 ct
896 5699 920 5748 44
947 5699 1003 5750 loco
1031 5711 1171 5762 supremo,
1191 5699 1239 5750 alta
1259 5699 1285 5748 tn
1323 5723 1357 5736 -
1376 5697 1538 5750 constructio
1557 5697 1690 5760 reciproca
1709 5695 1767 5750 cide
1789 5697 1820 5748 V.
1835 5693 1960 5750 Verbum.
2051 5695 2214 5750 -Servare
2234 5693 2414 5746 rectitudinem
2428 5699 2465 5746 est
2478 5707 2541 5746 usus
2561 5693 2634 5744 tiberi

647 5785 704 5834 loco
723 5783 827 5846 intimo,
846 5783 942 5834 scilicet
960 5790 1028 5835 terra
1045 5783 1063 5832 11
1085 5783 1137 5834 490
1155 5801 1168 5834 4
1375 5783 1564 5834 14444444444444
1582 5805 1617 5820 -
1637 5783 1685 5834 ilbi
1699 5789 1737 5834 est
1751 5783 1909 5834 conveniens
1923 5797 1961 5834 re·
1997 5781 2095 5834 arbitrii
2108 5783 2127 5832 ll
2143 5783 2192 5834 486
2205 5795 2228 5846 4,
2246 5779 2268 5832 t*
2284 5807 2320 5816 -
2332 5787 2415 5832 create
2431 5779 2559 5832 servanda
2572 5783 2634 5828 esto

699 5897 733 5906 -
754 5866 780 5918 in
798 5873 915 5918 creatura
937 5867 1051 5918 rationali
1072 5871 1179 5932 reperiri
1201 5875 1285 5934 potest
1322 5871 1480 5930 conciliatio,
1501 5867 1535 5920 ibt
1554 5871 1676 5922 convenit
1701 5883 1759 5920 esse
1783 5869 1962 5920 reconciliato-
1998 5867 2079 5920 libero
2097 5867 2205 5918 arbitrio
2224 5873 2331 5930 propter
2347 5865 2526 5918 rectitudinem
2540 5867 2637 5914 increa-

647 5955 732 6006 unitas
749 5961 776 6004 ct
794 5951 937 6014 personalis
964 5953 1077 6016 dignitas
1103 5963 1128 6006 et
1147 5957 1284 6008 cootorml·
1324 5967 1379 6008 rem
1398 5963 1422 6008 et
1442 5955 1611 6008 mediatorem
1633 5955 1659 6008 lll
1685 5957 1713 6006 43
1733 5955 1751 6006 1.
1769 5955 1785 6004 5
1805 5969 1902 6008 -non
1917 5969 1961 6020 po
1998 5961 2050 6006 4444
2070 5953 2087 6004 14
2107 5953 2158 6004 608
2173 5953 2201 6004 d.
2218 5953 2235 6002 2
2255 5979 2288 5990 -
2308 5953 2418 6002 increata
2444 5951 2591 6012 intelligitur
2611 5951 2635 5998 in

647 6049 684 6092 tas
704 6051 842 6102 expressae
860 6037 1035 6090 similitudinis
1052 6041 1081 6090 444
1101 6041 1135 6090 38
1155 6057 1168 6092 4
1189 6069 1224 6082 --
1237 6041 1284 6092 Ne·
1323 6041 1370 6092 tuit
1388 6041 1443 6092 0444
1463 6041 1511 6092 4451
1524 6053 1572 6104 per
1589 6041 1760 6092 mediatorem
1780 6039 1815 6090 lV
1834 6041 1886 6092 500
1905 6041 1922 6092 4.
1936 6043 1962 6104 9,
1997 6047 2082 6092 ereata
2101 6035 2163 6092 ibid.

648 6135 703 6180 tura
722 6136 813 6176 carens
840 6125 939 6174 ratione
966 6125 1052 6176 delicit
1077 6125 1110 6176 ab
1135 6129 1283 6180 excellentia
1323 6123 1690 6182 44714141401441444552.
1718 6125 1827 6188 —Qui
1854 6133 1894 6176 est
1918 6125 1962 6176 de·
2050 6125 2145 6176 -l‘er
2157 6121 2337 6174 rectitudinem
2351 6121 2500 6171 naturaiiter
2513 6119 2634 6170 insertam

647 6209 813 6278 04047144495
832 6207 1053 6272 personnarum
1322 6211 1392 6264 bltor
1408 6227 1460 6264 noa
1485 6219 1570 6276 potest
1593 6207 1652 6262 4344
1680 6211 1872 6274 reconciliator,
1899 6223 1959 6260 eom
1997 6221 2139 6272 possumus
2155 6209 2289 6260 assuefieri
2310 6205 2341 6256 od
2356 6209 2442 6270 aliquo
2455 6203 2523 6254 bona
2534 6201 2568 6255 ti·
2585 6203 2633 6254 198

699 6325 734 6336 -
753 6301 893 6346 moventur
911 6305 982 6344 mera
1013 6291 1129 6348 libertate
1154 6299 1173 6350 11
1199 6299 1283 6350 8914
1322 6299 1377 6362 lpse
1396 6299 1511 6362 indigeat
1528 6299 1737 6350 reconciliatione
1757 6295 1784 6345 lll
1805 6293 1855 6344 499
1879 6295 1924 6344 tt
1997 6293 2025 6346 3*
2043 6319 2077 6332 -··
2097 6293 2122 6344 ln
2142 6299 2228 6344 nostra
2246 6289 2634 6352 natomplantatomlrobemus

647 6411 682 6424 -
702 6385 727 6434 ln
746 6377 914 6434 rationalibus
926 6383 1032 6442 proprie
1049 6383 1179 6444 reperitur
1193 6384 1283 6446 regula
1377 6411 1410 6422 -
1428 6385 1514 6434 Gratia
1538 6381 1755 6434 reconciliationis
1772 6377 1831 6428 dota
1855 6387 1895 6432 444
1913 6393 1960 6442 per
1996 6377 2189 6442 rectitudinem,
2209 6389 2256 6440 per
2274 6387 2354 6440 quam
2375 6379 2427 6440 apti
2446 6389 2553 6440 sumus,
2574 6373 2633 6428 lieet

650 6467 772 6523 directius
791 6467 950 6530 operationis
968 6463 1030 6516 ibid.
1048 6479 1088 6530 sq.
1322 6473 1445 6520 meritum
1469 6469 1596 6532 passionis
1614 6465 1707 6518 Caristi
1726 6465 1755 6514 tit
1778 6465 1829 6512 983
1849 6461 1868 6514 14
1899 6463 1960 6516 Vide
1996 6463 2160 6526 imperfecte,
2183 6461 2214 6514 46
2235 6475 2314 6526 opera
2334 6463 2438 6512 uirtutis
2454 6461 2632 6512 ethonestatis

701 6557 853 6608 1444444-
872 6551 978 6602 Ratione
998 6551 1191 6604 reatusdirina
1212 6555 1284 6606 lusti·
1326 6551 1355 6604 V.
1383 6555 1477 6610 Gratia
1498 6551 1602 6608 911-
1621 6565 1681 6604 cum
1703 6551 1756 6600 Deo
1774 6563 1826 6598 non
1845 6557 1885 6598 est
1905 6551 1960 6600 sine
1997 6547 2127 6600 1147934

649 6647 680 6698 444
715 6639 792 6692 babet
821 6649 867 6688 nos
896 6639 1000 6700 punire,
1030 6635 1156 6688 diabolica
1187 6637 1283 6688 malitia
1323 6643 1402 6704 gratio
1423 6647 1526 6704 gratum
1551 6637 1659 6688 lactente
1680 6635 1712 6686 44τ
1732 6635 1782 6686 353
1803 6634 1821 6684 1.
1843 6633 1912 6694 9,44
2049 6641 2141 6684 -444
2159 6641 2265 6686 naturae
2279 6633 2423 6698 institutae,
2444 6633 2485 6682 vel
2500 6635 2596 6698 gratiae
2616 6635 2634 6686 ll

649 6733 733 6796 potest
750 6737 873 6776 4444444444
891 6729 916 6774 44
935 6721 1058 6784 41404444,
1080 6727 1105 6772 44
1123 6725 1281 6774 conscientia
1375 6727 1518 6776 decaetero
1536 6749 1572 6760 ·-
1589 6727 1629 6772 est
1646 6723 1683 6772 rei
1704 6721 1754 6770 iam
1769 6721 1899 6770 existentis
1912 6733 1960 6782 per
2001 6719 2047 6770 196
2068 6719 2106 6770 3·.
2129 6721 2208 6772 triba
2242 6717 2304 6770 Vide
2330 6717 2358 6770 V.
2383 6717 2478 6772 Gratia
2502 6715 2522 6772 9
2546 6725 2571 6770 44
2601 6719 2630 6774 V.

650 6823 735 6866 nostra
756 6817 840 6876 potest
856 6815 944 6860 contra
964 6821 1011 6858 nos
1037 6819 1233 6858 remurmurans
1255 6809 1281 6858 lll
1322 6809 1434 6872 aliquam
1454 6809 1650 6872 dispositionem
1681 6813 1755 6856 444444
1778 6803 1911 6854 reformari
1941 6806 1958 6855 14
1998 6803 2266 6872 lustitia-eripiatuiis
2283 6811 2310 6856 et
2333 6803 2360 6854 V.
2382 6803 2634 6868 Virtus—Facere

754 6911 856 6968 ladt'cts
873 6911 901 6966 in
920 6913 982 6964 14444.
1001 6907 1073 6962 l·tV.
1093 6905 1158 6976 Opp.
1175 6907 1207 6962 S.
1226 6909 1328 6962 donno.
2480 6911 2522 6962 ,33
