5800 8392
350 619 414 686 454
1195 613 1308 678 tubex
1328 613 1488 684 TERTIUS
1515 627 1530 682 js

638 701 705 754 uolt
2002 703 2057 760 tua

351 789 497 842 sectandum
512 789 731 852 praedicationem
743 787 940 852 aptitudinalem
951 801 990 840 ra·
1080 790 1159 841 -in
1181 789 1285 840 homine
1307 793 1414 840 nonest
1439 787 1664 840 idemnaturaet
1755 819 1791 830 -
1811 793 1835 844 ln
1858 793 1968 844 hominis
1989 797 2076 842 natura
2107 791 2235 852 reperitur
2254 801 2342 852 perso-

351 879 419 930 tinne
440 879 629 942 principiorum
648 879 677 930 lll
698 877 743 930 l5l
769 877 844 942 bsq.
1025 873 1665 932 44444444441406445-444444444444444
1703 879 1767 930 nelis
1787 879 1907 932 discretio
1935 879 2079 930 seeundum
2109 879 2237 942 originem
2258 875 2340 930 41140

403 963 987 1028 ·-etnon-homoopponunturimmediate,
1027 965 1176 1014 humanitas
1196 965 1222 1014 lll
1245 963 1290 1014 131
1315 963 1343 1014 4*
1535 1013 1536 1016 ,
1612 1011 1613 1014 ,
1703 965 1721 1016 4.
1742 967 1763 1028 1,
1784 965 1980 1020 4)-44444444
2001 975 2091 1020 natura
2111 969 2135 1020 io
2156 963 2275 1032 pluribus
2291 977 2342 1014 non

351 1059 478 1116 quantum
498 1061 535 1104 est
556 1053 588 1104 de
606 1067 648 1116 se,
668 1065 718 1104 neo
739 1065 819 1116 vero,
833 1051 925 1120 addita
947 1051 989 1104 de·
1079 1077 1114 1088 ·-
1138 1051 1206 1102 Nulli
1233 1053 1330 1102 homini
1360 1059 1397 1104 est
1423 1049 1580 1104 accidentale
1606 1063 1665 1114 esse
1688 1043 1901 1120 diversificatur,
1916 1061 2001 1108 tamen
2016 1055 2201 1122 multiplicatur
2216 1053 2234 1104 li
2249 1049 2343 1104 1043*

350 1141 529 1192 terminatione
549 1141 649 1194 111455
671 1137 746 1192 4*-
762 1141 846 1204 pictus
866 1143 892 1190 et
908 1153 990 1192 verus
1028 1141 1159 1192 hominem
1183 1141 1208 1190 lll
1230 1137 1280 1190 l55
1301 1141 1317 1190 1.
1335 1139 1351 1190 3
1370 1167 1406 1178 -
1424 1139 1457 1192 de
1477 1139 1584 1202 proprio
1605 1151 1664 1202 sup·
1702 1167 1737 1178 -
1756 1141 1908 1194 Humanitas
1928 1149 1965 1194 est
1987 1159 2035 1194 una
2056 1145 2142 1210 specio
2163 1145 2180 1196 ll
2200 1142 2246 1193 101
2272 1139 2301 1194 4*

350 1243 401 1282 444
420 1235 480 1280 sunt
500 1227 552 1284 duo
572 1231 691 1282 homines
709 1229 717 1280 l
737 1227 788 1280 447
809 1227 825 1280 h
1027 1229 1112 1292 posito
1133 1227 1299 1290 praedicatur
1323 1227 1524 1278 substantialiter
1543 1233 1569 1278 44
1586 1227 1666 1290 signi·
1739 1219 1899 1280 --diversi
1914 1233 2106 1286 constituuntur
2122 1233 2343 1284 diversisauitna·

404 1345 438 1354 -
452 1317 580 1380 signiticat
593 1319 734 1370 humanam
753 1319 864 1368 termam
880 1317 936 1368 sive
950 1331 990 1368 na·
1026 1315 1099 1380 fleat,
1120 1315 1183 1366 illud
1201 1329 1260 1366 esse
1278 1313 1449 1368 substantiam
1468 1311 1502 1368 14.
1523 1313 1541 1366 b
1702 1315 1753 1368 bus
1766 1315 1936 1368 rationalibus
1949 1317 2054 1370 414474
2070 1319 2131 1374 Vide
2145 1321 2175 1372 V.
2185 1317 2284 1374 ,441444
2295 1313 2342 1374 42.

350 1409 435 1456 turrim
449 1407 472 1456 in
488 1407 651 1458 concretione
664 1407 699 1458 ad
712 1407 878 1470 suppositum
893 1405 920 1456 lll
936 1405 985 1454 139
1079 1405 1158 1452 -ln
1180 1403 1285 1454 homine
1306 1403 1436 1470 quaedam
1455 1407 1515 1454 sunt
1534 1409 1664 1464 enatura,
1758 1431 1791 1440 -
1811 1417 1862 1454 nnn
1887 1411 2027 1468 generatur
2056 1411 2205 1464 naturaiiter
2230 1407 2278 1460 nisi
2306 1405 2341 1458 ab

350 1507 374 1544 a.
395 1491 441 1544 444
466 1491 504 1546 4*.
524 1493 574 1544 474
595 1491 625 1544 4*
642 1519 679 1530 -
698 1495 824 1558 accipitur
842 1495 991 1544 concretive
1027 1505 1095 1556 quae
1114 1491 1257 1554 respiciunt
1275 1491 1332 1542 4444
1351 1491 1666 1556 444444444444444,4444-
1703 1491 1949 1546 644444114154
1976 1521 2010 1530 -
2030 1507 2079 1546 444
2102 1497 2343 1560 generattrrexho·

351 1593 400 1644 pro
413 1593 441 1632 re
455 1591 577 1646 naturae,
596 1583 687 1638 minus,
702 1581 876 1632 communiter
889 1579 987 1632 abstra-
1027 1579 1088 1630 darn
1108 1579 1164 1630 eius
1185 1583 1280 1630 statum
1309 1585 1333 1630 44
1352 1579 1537 1632 accidentalem
1558 1579 1665 1644 disposi·
1703 1581 1773 1632 mine
1793 1581 1839 1632 nisi
1860 1581 1990 1634 niediante
2007 1583 2133 1636 seminet
2156 1585 2199 1636 191
2227 1585 2288 1636 (4.9

350 1671 417 1722 44444
432 1683 479 1734 444
494 1675 584 1720 444444
600 1671 629 1722 lil
644 1669 695 1722 439
710 1667 784 1720 1*-
797 1681 828 1720 ex
841 1677 914 1734 parte
931 1667 991 1720 sub·
1027 1667 1124 1718 tionem
1144 1667 1224 1718 11156
1244 1667 1270 1718 d.
1291 1667 1301 1716 1
1755 1695 1791 1708 ·-
1811 1675 1878 1722 totus
1904 1671 1998 1722 dicitur
2022 1673 2107 1736 nasci,
2128 1675 2175 1722 etsi
2200 1671 2253 1724 sola
2280 1683 2342 1722 caro

350 1755 407 1806 ieeti
428 1763 475 1808 stat
495 1769 543 1820 pro
564 1757 705 1820 hypostasi,
718 1769 750 1806 ex
764 1761 835 1818 parte
849 1755 990 1818 praedicati
1080 1755 1263 1818 *Quaedam
1278 1755 1454 1808 attribuuntur
1468 1759 1614 1820 composito
1627 1771 1665 1808 ra·
1698 1757 1950 1812 ’444444441441354
1971 1761 2043 1812 dp.
2066 1761 2096 1812 441
2122 1761 2172 1812 188
2191 1759 2220 1812 b.
2242 1761 2292 1812 489
2312 1755 2341 1810 l*

350 1857 399 1908 444
418 1845 501 1896 torma
522 1845 549 1896 lll
577 1845 672 1896 18344.
694 1845 708 1896 4
733 1871 769 1882 -
788 1845 849 1896 dicit
869 1843 989 1910 substan·
1028 1845 1095 1896 tione
1115 1845 1347 1920 soliuscorporis,
1370 1835 1667 1904 vei'solinsanimeell·
1701 1875 1738 1884 -
1756 1847 1807 1900 8444
1832 1851 1945 1912 44444444
1973 1849 2072 1900 virtutis
2102 1849 2268 1914 generativac
2289 1859 2339 1898 nou

350 1935 426 1998 tiam,
448 1935 540 1998 aliquis
563 1935 642 1986 honio
660 1935 822 1998 hypostasim
841 1931 866 1982 V
886 1931 969 1984 4134
1026 1921 1213 1984 64444-14
1246 1933 1350 1986 honrine
1379 1933 1507 2000 quaedam
1536 1941 1596 1988 strnt
1619 1935 1665 1988 ad·
1702 1951 1731 1990 se
1750 1935 1870 1986 4444444144
1888 1935 1922 1986 ad
1945 1937 2060 1986 animam
2090 1953 2135 2002 per
2161 1937 2268 1990 modum
2290 1937 2341 1988 elii·

356 2063 358 2068 s
402 2021 609 2094 -Hum-anitas
637 2027 676 2072 est
701 2023 814 2072 hominis
842 2029 933 2074 444444
959 2021 986 2070 iil
1027 2021 1130 2084 iuncta,
1153 2033 1221 2088 quae
1250 2023 1400 2084 respiciunt·
1424 2025 1507 2088 magis
1535 2025 1663 2088 animam,
1702 2027 1911 2088 cientts‚tamcn
1932 2025 2037 2076 intentio
2055 2033 2162 2078 naturae
2181 2039 2208 2078 se
2229 2024 2341 2077 extendit

350 2109 856 2162 1401.4.04134-44444444444
882 2111 990 2160 444444-
1027 2109 1158 2174 quaedam
1179 2111 1436 2178 corpus,quaedam
1449 2115 1617 2166 coniunctum
1631 2113 1664 2164 lV
1703 2113 1737 2164 ad
1757 2119 1838 2164 totum
1866 2113 2041 2176 compositum
2065 2111 2154 2164 11774
2177 2111 2202 2164 4*
2228 2111 2290 2166 Vide
2312 2111 2340 2164 V.

350 2211 392 2250 ma
412 2199 573 2250 4444444419
593 2197 681 2250 1404.
701 2199 714 2250 3
1028 2197 1079 2250 874
1099 2197 1128 2250 3*
1703 2199 1845 2256 Gerrareiio
1864 2195 1906 2256 24
1925 2201 1950 2250 44
1972 2199 2057 2250 indice
2075 2215 2165 2264 gener.

403 2909 465 2960 lanu
484 2935 519 2948 --
536 2916 576 2959 est
595 2923 741 2972 pronomen
761 2909 897 2960 relativum
914 2909 987 2962 1515
1026 2915 1068 2960 tur
1086 2909 1120 2960 de
1139 2907 1218 2960 altero
1239 2909 1247 2958 l
1266 2907 1318 2958 363
1335 2923 1390 2972 arg.
1405 2909 1430 2960 5.
1450 2907 1543 2960 111130
1561 2921 1620 2972 arg.
1638 2909 1665 2960 4.
1756 2907 1898 2960 lucernario
1920 2935 1950 2944 -—
1973 2909 2106 2960 phantasia
2120 2907 2236 2958 nominat
2249 2913 2340 2972 poten-

350 2997 366 3048 1.
394 2997 408 3048 4
433 3023 467 3036 -
492 3001 530 3048 est
557 2997 694 3048 relativum
717 2997 909 3048 substantiaei
938 2997 982 3048 411
1027 2997 1072 3046 471
1097 3011 1165 3046 4-
1186 2997 1257 3060 Quae
1275 3001 1335 3048 suut
1355 2997 1560 3060 eadenr,uuum
1578 3003 1665 3060 potest
1702 2997 1762 3046 tiam
1794 2997 1943 3048 sensitivam
1974 2995 2073 3048 111710
2093 3011 2149 3060 arg.
2175 2995 2190 3048 5
2225 2995 2286 3050 Vide
2309 2995 2339 3048 V.

350 3099 406 3150 arg.
427 3087 443 3136 5
463 3113 497 3120 -
516 3083 600 3136 Unum
628 3087 651 3136 in
678 3083 821 3136 substantia
839 3083 900 3142 lacit
920 3081 989 3136 44444-
1026 3083 1171 3148 praedieari
1197 3083 1230 3134 de
1253 3083 1334 3134 altero
1361 3085 1384 3134 in
1414 3085 1601 3148 abstractione,
1620 3091 1665 3136 aut
1702 3081 1802 3136 Animo
1819 3081 1872 3138 25.
1889 3091 1977 3136 -444
1997 3087 2109 3148 44444444
2129 3087 2339 3152 animalisque

350 3155 448 3226 litatem
476 3175 485 3222 l
515 3171 566 3222 344
593 3173 612 3222 4.
632 3171 654 3222 4.
675 3171 725 3222 350
747 3171 771 3222 d.
792 3173 816 3222 4.
836 3169 883 3222 441
907 3171 925 3222 b
953 3201 989 3210 --
1026 3177 1125 3222 tantum
1139 3171 1164 3220 in
1180 3171 1342 3222 concretione
1363 3171 1449 3222 141431
1468 3171 1497 3222 4*
1514 3199 1551 3208 -—
1569 3173 1665 3234 impos·
1700 3177 1740 3222 est
1757 3171 1783 3222 iu
1804 3171 1982 3234 phantasmata
2007 3173 2170 3226 sensibilium
2192 3173 2213 3224 V
2234 3173 2285 3224 358
2305 3171 2339 3224 44

351 3261 413 3330 dicit
432 3259 680 3312 convenientiamin
695 3261 785 3324 144444,
800 3273 851 3310 444
866 3261 890 3310 in
905 3273 990 3324 quan·
1026 3259 1100 3310 sibile
1120 3263 1171 3322 est,
1191 3257 1458 3322 idempraedieatum
1475 3261 1560 3312 inesse
1577 3259 1663 3312 eidem
1699 3261 1886 3312 -phantasia
1907 3263 1946 3312 est
1964 3261 2005 3310 vis
2024 3261 2161 3328 sensitiva,
2180 3275 2247 3328 quae
2261 3267 2300 3314 est
2312 3261 2337 3312 in

350 3351 418 3402 titate
439 3347 470 3400 10
491 3345 524 3398 45
543 3345 605 3400 dp
860 3385 862 3390 -
1025 3347 1172 3398 secundum
1193 3351 1296 3400 naturas
1316 3347 1462 3400 differentes
1483 3349 1509 3400 lll
1531 3351 1580 3400 448
1602 3349 1652 3400 ta
1700 3349 1761 3398 solis
1781 3331 1960 3412 corporalibus
1980 3349 1997 3398 ll
2019 3347 2068 3398 190
2089 3345 2118 3400 4*

401 3463 438 3474 -
456 3435 577 3488 identitas
595 3441 636 3488 esi
654 3437 739 3486 444444
752 3449 804 3486 444
818 3435 987 3498 multiplicata
1080 3463 1115 3474 -
1134 3435 1323 3502 Quaecumque
1341 3439 1386 3488 uni
1405 3437 1664 3490 eteidemsuntea·
1752 3463 1788 3474 -
1807 3445 1845 3488 est
1864 3435 1977 3502 potentia
1998 3435 2081 3488 media
2097 3437 2162 3488 inter
2174 3439 2300 3490 exteriora
2312 3441 2339 3490 44

349 3527 357 3576 l
377 3525 428 3576 516
449 3523 476 3576 3*
496 3553 529 3562 -
549 3525 669 3576 identitas
689 3525 765 3576 simul
785 3523 882 3576 clatidlt
900 3525 925 3574 in
940 3539 988 3576 suo
1027 3525 1104 3590 dem,
1127 3527 1192 3578 inter
1209 3539 1238 3576 se
1257 3531 1317 3576 sunt
1335 3525 1429 3578 eadem
1449 3527 1455 3576 l
1477 3525 1527 3578 546
1543 3525 1597 3578 tl.
1612 3525 1663 3578 577
1700 3525 1857 3577 intellectum
1876 3523 1884 3574 l
1904 3525 1954 3576 680
1970 3523 1997 3576 4*
2009 3553 2045 3562 --
2057 3531 2097 3578 est
2115 3527 2181 3578 inter
2193 3539 2300 3578 sensum
2312 3531 2339 3578 ei

348 3615 474 3666 intellectu
502 3615 675 3678 pluralitatem
703 3621 728 3666 44
753 3615 876 3664 unitatem
903 3613 927 3664 V
953 3613 988 3666 65
1026 3627 1083 3678 arg.
1106 3613 1244 3666 1114174
1268 3627 1291 3664 4.
1313 3615 1335 3666 0
1356 3615 1387 3666 63
1409 3615 1509 3678 arga.
1529 3615 1579 3666 443
1601 3631 1663 3666 4-
1700 3615 1824 3666 rationem
1847 3613 1938 3666 0497
1958 3615 1974 3666 6
1994 3639 2028 3652 -
2048 3615 2193 3678 Speculatin
2221 3615 2340 3678 pervenit

351 3707 368 3754 l.
389 3703 420 3752 40
440 3729 474 3740 -
494 3701 658 3770 Ubicumque
678 3711 716 3756 est
736 3703 870 3768 4444444444,
892 3699 929 3752 ibi
948 3711 988 3754 est
1027 3705 1215 3770 Quaecumque
1246 3705 1289 3768 uni
1315 3709 1339 3756 at
1368 3705 1453 3764 eidem
1484 3711 1544 3756 sunt
1570 3705 1662 3756 eadem
1700 3715 1811 3754 ascusu
1830 3701 1864 3754 ad
1883 3703 2096 3764 imaginationem
2118 3711 2142 3756 44
2164 3703 2195 3756 de
2215 3705 2339 3768 imagina-

352 3793 530 3846 couvenientia
552 3789 892 3854 44444444113844444
939 3849 941 3852 ,
1028 3793 1159 3844 identitate
1187 3793 1212 3842 in
1238 3795 1388 3858 supposito,
1409 3795 1475 3846 inter
1499 3807 1527 3844 se
1547 3803 1606 3846 sunt
1625 3807 1664 3844 ea·
1700 3793 1768 3842 tione
1797 3789 1828 3842 ad
1852 3793 1979 3844 rationem
2006 3789 2030 3842 V
2056 3791 2195 3842 4604-
2219 3795 2337 3858 sequitur

401 3879 598 3944 -simplieius
618 3881 780 3932 estdiversn
807 3879 988 3942 biserga
1026 3881 1086 3932 dem
1107 3879 1129 3934 0
1149 3877 1663 3954 665*-14444444444444444441444
1700 3879 2039 3944 4444444444444444440
2059 3879 2110 3932 444
2131 3879 2165 3930 35

401 3999 438 4006 -
455 3969 550 4020 dicitur
569 3971 681 4034 positive
701 3969 706 4020 l
728 3967 774 4020 441
798 3969 816 4022 b
1028 3983 1139 4020 numeru
1157 3969 1233 4020 alicui
1253 3969 1403 4034 individuo,
1420 3973 1484 4020 inter
1497 3985 1524 4022 se
1538 3975 1598 4022 suut
1613 3983 1662 4022 utra
1727 4025 1728 4028 Ἴ
1752 3995 1788 4006 -
1806 3969 1959 4032 imaginaria
1979 3976 2016 4021 est
2037 3981 2127 4020 earum
2148 3981 2250 4034 rerum,
2273 3983 2337 4034 444-

401 4057 490 4110 -de
513 4059 664 4110 necessitate
694 4057 826 4122 4444444414
852 4057 987 4110 4444444444
1027 4069 1137 4110 numero
1156 4059 1174 4108 ll
1196 4057 1228 4108 93
1248 4059 1333 4122 argi
1359 4087 1393 4098 -
1413 4059 1485 4126 Quae
1498 4065 1558 4110 sunt
1570 4059 1662 4110 eadem
1700 4071 1758 4108 rum
1788 4041 1917 4122 imagines
1943 4057 1968 4106 in
1998 4057 2113 4108 interiori
2145 4071 2223 4108 sensu
2252 4057 2335 4122 expri-

350 4147 438 4198 0384
463 4147 477 4198 8
1027 4147 1209 4198 4444444444
1227 4145 1320 4198 eadem
1340 4149 1454 4212 interse,
1473 4149 1520 4198 nisi
1541 4147 1663 4198 couveni—
1701 4151 1808 4196 muntur
1836 4147 1843 4194 l
1873 4143 1979 4218 4844*
1997 4171 2033 4182 -
2057 4143 2226 4208 imaginativa
2245 4149 2337 4196 retinet

401 4261 438 4272 -
456 4233 576 4286 identitas
600 4235 642 4286 vel
671 4241 708 4286 est
728 4233 875 4284 seeundum
903 4247 987 4286 essen·
1025 4239 1069 4284 ant
1086 4233 1233 4286 secundnm
1254 4233 1323 4284 idem
1344 4237 1351 4284 l
1373 4233 1599 4300 577i*—Quae
1619 4237 1662 4284 uni
1691 4233 1828 4286 sensibilia
1850 4235 1876 4284 lll
1898 4233 1943 4284 341
1968 4233 2159 4296 arg.5·-est
2171 4231 2333 4284 sensibilium

350 4323 413 4374 tiam
432 4323 608 4386 numeralem,
634 4323 673 4374 vel
693 4321 838 4374 secundum
869 4327 987 4374 naturam
1025 4329 1051 4374 et
1073 4321 1158 4374 eidem
1180 4327 1239 4374 sunt
1257 4323 1365 4386 eadem,
1385 4323 1431 4374 ubi
1448 4329 1488 4374 est
1505 4323 1662 4374 convenies·
1701 4321 1779 4374 4650
1799 4323 1824 4374 d.
1855 4321 1878 4374 4.
1906 4321 1938 4372 10
1965 4321 2015 4374 435
2045 4319 2115 4370 0-
2133 4323 2267 4386 cognoscit
2295 4335 2337 4374 res

350 4425 518 4464 communem
538 4413 556 4462 ll
582 4411 616 4464 94
644 4425 668 4462 4.
692 4411 734 4460 101
761 4407 788 4458 4*
808 4437 839 4446 -
860 4411 990 4474 significat
1025 4413 1059 4462 tia
1078 4411 1194 4474 plurium
1213 4417 1337 4476 tanquam
1358 4413 1383 4462 in
1406 4413 1554 4476 communi,
1572 4419 1598 4464 et
1618 4409 1661 4462 ubi
1700 4411 1749 4464 sub
1781 4409 1974 4462 conditionibus
2005 4407 2197 4474 materialibus,
2228 4407 2336 4462 absente

348 4499 507 4552 identitatem
527 4497 553 4550 iu
573 4501 708 4566 supposito
726 4501 734 4550 l
755 4497 808 4548 545
827 4499 843 4548 4.
864 4497 888 4550 4.
907 4499 987 4550 5164
1025 4501 1099 4562 41444
1120 4497 1242 4550 differunt
1261 4513 1308 4562 per
1325 4515 1386 4552 suas
1399 4501 1522 4564 origines,
1538 4513 1587 4550 non
1602 4505 1663 4550 sunt
1700 4501 1805 4550 materia
1834 4501 1867 4550 lV
1895 4497 1962 4548 1044
1991 4511 2047 4562 arg.
2067 4497 2092 4550 4.
2121 4497 2190 4550 4046
2210 4515 2223 4550 4
2243 4527 2277 4536 -
2297 4497 2336 4548 Ab

348 4615 384 4626 -
402 4587 522 4640 identitas
541 4587 654 4640 excludit
673 4587 845 4650 pluralitatem
866 4589 988 4650 supposl-
1025 4587 1118 4638 eadem
1137 4587 1203 4638 inter
1221 4587 1276 4638 sel
1298 4587 1347 4638 588
1368 4585 1396 4638 8*
1698 4587 1882 4650 imaginatione
1892 4587 1991 4652 ailquid
2004 4587 2211 4650 apprehenditur
2221 4601 2267 4652 per
2281 4599 2337 4650 spe·

349 4677 584 4728 4444415163*
602 4703 638 4714 -
656 4677 809 4740 simpliciter
828 4675 925 4728 dictum
940 4681 989 4728 stat
1077 4677 1156 4726 -Si
1178 4675 1416 4740 aliquaduosnnt
1444 4676 1661 4729 omninoeadem
1699 4677 1763 4728 clem
1785 4677 1878 4740 partim
1892 4677 2165 4740 concretam,partim
2179 4675 2336 4728 abstractam

348 4779 397 4830 pro
416 4765 510 4818 eodem
524 4767 656 4818 numerol
671 4763 722 4816 547
737 4779 792 4828 arg.
809 4767 817 4814 t
835 4791 871 4804 -
887 4766 989 4822 actuale
1025 4763 1172 4818 secundum
1191 4777 1247 4816 rem
1265 4771 1290 4816 44
1316 4765 1460 4818 secundum
1481 4767 1621 4830 rationem,
1640 4767 1662 4818 si
1699 4767 1728 4818 lil
1748 4763 1800 4818 504
1818 4763 1883 4816 h·-
1896 4767 1923 4816 ln
1936 4777 2013 4816 sensu
2029 4765 2176 4828 particulari
2189 4769 2216 4816 et
2231 4765 2254 4814 in
2276 4765 2337 4814 ima-

347 4855 517 4920 eousequitur
536 4869 618 4906 unum
646 4867 757 4914 numero
785 4855 819 4906 lV
844 4853 894 4904 890
915 4853 933 4904 b
952 4881 988 4892 -
1024 4853 1123 4920 aliquid
1142 4861 1182 4906 est
1200 4855 1225 4904 iu
1246 4867 1314 4920 rino,
1341 4857 1409 4906 etin
1430 4855 1577 4906 41441630
1598 4855 1624 4908 d.
1646 4855 1657 4904 1
1698 4855 1828 4918 ginatione
1848 4855 1948 4918 species
1967 4857 2004 4904 444
2019 4855 2044 4904 44
2057 4853 2150 4904 eodem
2171 4865 2265 4916 guttere
2279 4851 2336 4902 abs·

348 4943 987 5006 ldentitassecundumnumerumveniterparte
1022 4941 1152 5008 -Quod
1172 4945 1254 4994 estin
1283 4943 1371 5010 aliquo
1392 4951 1435 5004 ,est
1457 4945 1482 4994 in
1502 4945 1609 4994 cannino
1627 4945 1662 4992 in·
1699 4943 1828 4994 tractionis
1848 4939 1986 4994 115704*
2333 4957 2334 4960 ’

349 5033 432 5096 444144
451 5031 522 5096 44041
541 5037 580 5082 444
598 5031 744 5082 secundum
761 5045 825 5094 esse,
839 5031 895 5082 sive
909 5019 987 5094 prout
1025 5031 1149 5082 differenti
1170 5031 1203 5082 ab
1222 5031 1265 5082 illo
1284 5031 1308 5082 V
1328 5031 1378 5082 140
1394 5033 1416 5084 4.
1435 5033 1449 5082 6
1474 5029 1536 5084 Vide
1556 5031 1582 5084 V.
1595 5031 1662 5098 Sep·
1751 5057 1786 5068 -
1805 5031 1940 5082 phantasia
1959 5031 2020 5084 dicit
2039 5031 2094 5082 vim
2113 5031 2262 5082 sensitivam
2283 5029 2336 5082 col-

347 5121 424 5172 estin
439 5121 575 5184 supposito
593 5121 732 5172 individuo
751 5121 823 5172 4363
837 5119 855 5172 b
869 5147 903 5158 —
917 5119 988 5172 lden-
1022 5117 1140 5188 positura
1160 5121 1186 5170 in
1205 5119 1291 5172 indice
1311 5133 1399 5184 gener.
1699 5121 1804 5172 lalivam
1822 5117 1985 5170 sensibilium
2010 5123 2176 5184 receptorum
2196 5119 2215 5168 ll
2237 5117 2287 5168 490
2307 5115 2335 5166 4*

350 5211 406 5262 44444
425 5209 462 5260 444
482 5209 554 5260 44444
575 5207 609 5260 ab
637 5207 770 5260 identitate
798 5209 987 5274 ririncipiorum
1076 5209 1203 5274 -Quae
1233 5199 1294 5260 4444
1321 5211 1389 5262 idem
1419 5207 1511 5260 eadem
1540 5221 1662 5262 mensura
1698 5235 1735 5248 -·
1753 5209 1902 5272 phantasia,
1923 5207 2104 5274 quaedieitur
2122 5207 2250 5272 collativa,
2271 5205 2334 5258 iudi-

349 5297 557 5350 substantiaiium
577 5299 609 5350 40
630 5295 681 5348 887
701 5297 718 5348 i.
738 5297 762 5348 3.
782 5297 832 5348 888
854 5295 881 5350 b.
899 5297 987 5350 8905
1025 5305 1209 5350 mensurantur
1232 5297 1253 5350 V
1273 5295 1308 5348 94
1328 5299 1344 5346 i.
1364 5299 1379 5348 9
1398 5297 1479 5348 -Si
1499 5299 1583 5364 aliqua
1604 5307 1662 5350 sunt
1698 5301 1740 5348 cat
1757 5295 1791 5346 de
1809 5293 1977 5348 sensibilibus
1995 5295 2012 5346 ll
2033 5293 2127 5346 4401*
2145 5321 2181 5334 -·
2200 5295 2336 5346 phantasia

401 5415 438 5422 —-
456 5385 576 5438 identitas
595 5393 702 5438 naturae
725 5387 750 5436 in
780 5385 987 5450 41444144444444
1025 5385 1132 5452 eadem,
1151 5393 1289 5438 numerato
1309 5401 1375 5454 uno,
1394 5391 1547 5438 opinaretur
1565 5391 1590 5438 et
1609 5385 1663 5436 reli·
1697 5391 1738 5438 est
1762 5387 1845 5448 prima
1875 5385 1957 5436 virtus
1984 5383 2101 5434 collativa
2132 5383 2153 5434 V
2183 5383 2234 5436 447
2260 5383 2335 5436 5,-

350 5475 492 5526 univocum
518 5475 526 5526 l
554 5471 606 5526 357
626 5487 683 5538 arg.
702 5475 716 5524 3
737 5501 771 5514 -
791 5475 908 5540 Quorum
928 5489 989 5538 per·
1025 5487 1108 5540 quum
1132 5475 1159 5526 lll
1187 5477 1235 5528 193
1255 5475 1347 5540 argi
1373 5475 1434 5528 Vide
1455 5473 1485 5526 V.
1503 5473 1662 5544 4141444144-
1699 5475 1791 5526 Anima
1818 5473 1941 5524 sensitiva
1971 5475 2105 5536 cotuponit
2131 5481 2157 5524 et
2176 5471 2269 5524 dividit
2290 5487 2336 5538 per

349 5561 424 5612 lectio
444 5569 468 5614 et
481 5561 704 5624 complementum
719 5563 838 5614 ultimum
853 5571 891 5614 est
905 5577 987 5614 unum
1025 5563 1062 5616 iio
1080 5565 1105 5614 in
1126 5565 1210 5616 iudice
1230 5579 1322 5628 gener.
1699 5561 1862 5628 phantasiam
1881 5559 1942 5612 ibit.
1966 5557 2027 5610 Vide
2051 5559 2079 5612 V.
2098 5561 2206 5616 Sensus.

349 5651 450 5714 444444,
470 5653 525 5714 ipsa
546 5657 606 5702 sunt
627 5663 709 5700 tinum
730 5649 797 5700 1147
817 5649 896 5712 argui
926 5649 988 5704 Victa
1078 5679 1112 5688 -
1131 5651 1249 5716 Quorum
1268 5655 1388 5718 opposita
1408 5659 1467 5704 sunt
1485 5651 1661 5716 eadem‚ipsa
1750 5679 1787 5686 -
1805 5661 1857 5700 non
1875 5649 1975 5712 indiget
1994 5653 2106 5712 potentia
2129 5655 2213 5704 activa
2237 5651 2334 5704 abstra-

356 5737 383 5788 V.
401 5737 504 5790 Formo
521 5733 552 5790 4.
575 5763 612 5776 -
631 5737 752 5789 ldentitas
765 5737 910 5788 seeundum
932 5751 988 5802 spe·
1024 5745 1084 5790 sunt
1102 5739 1195 5790 cadem
1214 5741 1221 5790 l
1242 5739 1329 5792 7161,
1352 5741 1367 5792 3
1495 5795 1498 5804 ,
1699 5739 1790 5802 hante,
1811 5739 1871 5802 quia
1892 5739 1971 5788 utitur
1994 5739 2133 5802 speciebus
2152 5741 2268 5792 eiusdem
2290 5753 2334 5804 ge·

349 5825 569 5888 ciemvelgeuus
587 5827 686 5886 venite
703 5831 775 5890 parte
794 5825 987 5890 eiusquodest
1078 5853 1113 5864 -
1132 5827 1236 5878 Addere
1255 5825 1323 5878 idern
1350 5827 1398 5880 sibi
1425 5829 1474 5892 ipsi
1500 5841 1550 5886 non
1570 5833 1609 5878 est
1627 5827 1662 5876 in·
1698 5825 2334 5892 4444444444444115704*-1441444ο444·

349 5927 402 5982 444
421 5913 568 5974 sectandum
593 5913 714 5966 diverses
743 5913 899 5964 4444444444
919 5925 988 5964 eom·
1025 5913 1667 5978 441044044158644-4044444444444444
1700 5929 1762 5966 nutu
1783 5915 1930 5980 corporale,
1951 5917 2050 5982 44444
2075 5919 2334 5982 4444444444441444·

350 6003 489 6068 pIetienem
518 6005 645 6054 maiorem
674 6009 698 6054 et
724 6003 852 6054 minorem
874 5999 989 6054 136344
1025 6001 1172 6054 abeodem
1193 6003 1215 6054 in
1238 6001 1308 6052 idem
1327 6003 1345 6056 ll
1375 6003 1426 6054 474
1445 6017 1502 6066 arg.
1523 6005 1539 6054 4
1557 6029 1592 6042 -
1611 6017 1661 6056 non
1698 6007 1820 6066 tesmeta,
1841 6003 1897 6054 loco
1918 6007 2046 6070 potentiae
2073 6009 2208 6072 passivae,
2230 6013 2254 6058 et
2283 6007 2336 6056 vir-

349 6119 385 6132 -
403 6093 521 6158 Quorum
542 6091 705 6144 definitiones
723 6099 783 6144 suat
801 6089 918 6154 eaedem,
932 6091 987 6156 ipsa
1025 6091 1104 6144 babet
1122 6091 1154 6142 ad
1176 6105 1203 6144 se
1229 6089 1318 6142 4444444
1343 6095 1370 6142 44
1392 6091 1507 6144 ordinari
1526 6093 1545 6142 ll
1564 6091 1614 6142 663
1633 6091 1662 6144 5*
1699 6098 1779 6144 tutem
1800 6093 1979 6158 imaginariam
2004 6093 2061 6146 loco
2087 6097 2216 6160 potentiae
2234 6097 2334 6148 activae

350 6189 411 6234 suut
429 6181 522 6234 eadem
542 6181 641 6234 111736
661 6183 752 6246 4444
1025 6181 1145 6246 -Quae
1163 6177 1259 6234 habent
1271 6179 1390 6232 ordinem
1404 6181 1529 6244 temporis
1544 6189 1662 6234 nonsunt
1698 6181 1758 6236 ibid.
1779 6181 1899 6234 101046
1920 6183 1937 6234 b
1960 6213 1992 6222 --
2015 6185 2041 6236 ln
2069 6185 2253 6248 imaginatione
2282 6197 2334 6234 non

402 6297 438 6310 -·
458 6271 483 6322 Si
504 6271 589 6336 aliqua
611 6279 669 6324 strnt
689 6283 770 6322 nuum
800 6269 876 6322 alicui
901 6269 990 6322 identi-
1026 6271 1104 6336 idem,
1120 6271 1166 6322 nisi
1181 6283 1262 6322 unum
1278 6283 1307 6320 se
1325 6269 1420 6322 habeat
1438 6283 1486 6334 per
1503 6269 1661 6324 additionem
1697 6273 2211 6336 44444444444444444115674444

350 6363 400 6412 late
430 6349 546 6426 genech,
575 6361 753 6424 4444444444
781 6373 833 6412 nou
863 6365 923 6412 sunt
949 6373 990 6410 ea·
1025 6359 1060 6412 ad
1077 6359 1188 6412 alterum
1206 6359 1241 6422 lV
1260 6357 1307 6410 171
1330 6357 1360 6410 3*
1752 6391 1785 6398 -
1806 6363 1938 6414 phantasia
1952 6363 2025 6414 ollert
2039 6363 2217 6426 phantasmata
2237 6361 2334 6414 intelle-

350 6447 410 6500 dem
433 6461 542 6500 numero
563 6451 627 6502 inter
645 6463 674 6500 se
694 6449 714 6498 V
736 6449 769 6498 aa
790 6447 819 6502 5*
1078 6477 1113 6488 -
1133 6463 1242 6500 manens
1260 6447 1329 6500 iden]
1356 6453 1440 6514 potest
1465 6447 1563 6500 habere
1580 6451 1661 6502 alium
1697 6453 1749 6504 ctui
1769 6449 1884 6516 possibili
1904 6459 1929 6504 et
1947 6451 2040 6504 excitat
2057 6451 2214 6504 intellectum
2230 6451 2335 6504 coniun-

403 6565 439 6576 -
458 6537 579 6588 ldentitas
598 6543 637 6590 est
654 6537 806 6602 essentialis,
821 6537 862 6588 vel
882 6539 990 6590 rationis
1025 6547 1052 6590 et
1069 6537 1148 6590 alium
1169 6537 1287 6590 ordinem
1307 6537 1338 6588 10
1354 6537 1404 6588 340
1425 6533 1452 6588 3*
1464 6537 1577 6588 *Nihil
1592 6537 1660 6590 idem
1697 6549 1767 6594 etum
1789 6541 1891 6604 corpori
1914 6539 1929 6588 ll
1949 6539 2028 6590 6444
2052 6537 2115 6594 Vide
2132 6539 2161 6590 V.
2174 6537 2333 6594 intellectus.

350 6625 428 6678 4578
449 6623 477 6676 4*
1025 6637 1052 6678 44
1070 6627 1215 6678 secundnm
1235 6627 1305 6678 idem
1324 6625 1401 6678 habet
1415 6625 1608 6678 similitudinem
1628 6627 1661 6678 ad
1751 6657 1785 6666 —
1805 6627 1851 6680 Vis
1871 6629 2029 6690 phantastica
2048 6635 2073 6680 et
2093 6629 2259 6692 imaginativa
2274 6639 2334 6692 pen·

402 6741 438 6752 -
467 6715 540 6778 Quae
568 6715 602 6766 de
630 6729 657 6766 se
687 6723 778 6766 mutuo
808 6715 990 6780 praedicantur
1027 6717 1130 6768 diversa
1149 6717 1173 6768 V
1193 6716 1225 6767 70
1245 6729 1302 6780 arg.
1322 6717 1355 6768 14
1487 6783 1488 6788 ¹
1699 6717 1744 6768 det
1763 6731 1793 6768 ex
1812 6717 1958 6780 corporali
1980 6715 2025 6768 641
2049 6717 2141 6782 arg.6
2167 6715 2229 6768 Vide
2250 6717 2280 6768 V.
2298 6717 2334 6768 A·

350 6807 410 6852 sunt
429 6801 522 6852 eadem
543 6803 642 6854 111736
662 6803 991 6868 arg.l-Quaudoduo
1079 6803 1167 6856 -ab
1187 6805 1280 6856 eudem
1300 6803 1359 6858 44414
1379 6805 1407 6858 V.
1427 6803 1516 6858 644444
1535 6801 1613 6870 (425
1634 6807 1661 6870 a)
1698 6807 1773 6858 nime
1793 6801 2031 6860 l18.-phantasia
2051 6807 2137 6872 aliquo
2159 6805 2334 6868 4444444444-

350 6895 409 6940 4444
428 6889 519 6940 eadem
541 6903 663 6956 numero,
680 6905 762 6944 unum
774 6905 837 6944 vere
857 6893 990 6956 praedica·
1025 6897 1050 6944 et
1067 6893 1091 6942 in
1106 6893 1191 6946 indice
1203 6905 1295 6956 gener.
1313 6893 1340 6948 V.
1355 6891 1520 6960 Principium
1535 6889 1613 6956 (292
1625 6891 1662 6958 i).
1700 6897 1769 6948 ditur
1789 6897 1812 6946 in
1832 6909 1926 6948 somno
1946 6895 1963 6946 ll
1979 6893 2029 6946 644
2044 6891 2071 6944 6*
2085 6893 2267 6944 —phantasia
2283 6905 2333 6942 non
