5784 8384
1154 823 1440 892 sententiabant
1463 829 1804 898 rattosoratctittllt

761 1533 825 1600 QVA
1717 1539 1718 1542 ’
2117 1545 2181 1608 qua

530 1625 654 1690 44444444
671 1651 708 1662 --
731 1623 792 1676 dicit
820 1623 927 1676 modum
954 1637 1114 1690 cousequen-
1207 1623 1374 1686 -corporis
1388 1621 1564 1684 principaliter
1577 1623 1739 1676 attribuenda
1754 1629 1791 1676 444
1883 1627 2104 1692 —Quantitatum
2121 1631 2301 1694 proportiones
2315 1629 2463 1680 rnnrrilestae

476 1719 528 1764 tem
548 1711 719 1764 substantiam
739 1711 763 1764 V
783 1713 834 1764 340
853 1713 888 1764 26
905 1741 942 1752 -
960 1713 1064 1780 Aliquid
1077 1717 1114 1764 est
1154 1713 1283 1776 principio
1303 1711 1421 1764 ellectiro
1440 1709 1468 1762 444
1490 1711 1540 1764 334
1562 1711 1578 1764 i.
1596 1713 1612 1762 3
1632 1739 1666 1752 ι-
1683 1713 1792 1764 elemen-
1829 1711 1853 1764 V
1874 1707 1931 1764 350Ι
1944 1713 1968 1764 o.
1989 1713 2033 1764 354
2061 1713 2102 1766 44.
2122 1715 2172 1766 357
2193 1717 2225 1766 22
2366 1707 2367 1710 ’

477 1803 503 1852 44
525 1815 620 1864 genere
641 1801 769 1866 qualitatis
787 1811 914 1866 quantum
935 1803 967 1854 ad
987 1803 1111 1868 modum,
1154 1797 1791 1854 tarescausanturimmediatealormasubstan·
1884 1827 1919 1838 -·-
1939 1803 2115 1866 Quantitatum
2144 1807 2325 1866 proportiones
2354 1809 2464 1858 olleruot

476 1889 519 1938 vel
544 1895 671 1954 quantum
691 1887 723 1940 ad
743 1901 797 1938 rem
821 1889 838 1938 ll
858 1889 908 1940 407
929 1889 958 1940 2*
975 1917 1011 1928 -
1029 1891 1116 1942 distin·
1155 1893 1206 1942 tiali
1225 1891 1330 1942 444993
1349 1903 1404 1954 arg.
1427 1891 1443 1942 3
1829 1901 1857 1938 se
1877 1889 1965 1940 sensui
1985 1889 2073 1942 44354
2100 1889 2133 1940 44
2151 1917 2188 1930 --
2205 1897 2245 1942 444
2258 1905 2396 1946 commuue
2409 1907 2464 1944 seu·

477 1979 565 2040 guitur
585 1975 760 2028 substantialis
778 1983 803 2028 et
822 1977 986 2028 accidentalis
1005 1977 1116 2032 44444-
1208 2005 1244 2032 -,
1264 1979 1287 2030 44
1309 1979 1434 2030 creaturis
1451 1983 1491 2028 est
1506 1975 1686 2030 immediatum
1700 1977 1791 2042 princi·
1829 1983 1913 2028 satum
1935 1977 1966 2029 lV
1988 1977 2037 2028 237
2058 1991 2072 2028 4
2091 1977 2463 2042 —lllagnitudoetnumerns

476 2063 537 2116 dicit
548 2067 733 2128 proprietatem
744 2065 929 2118 accidentalem
942 2067 958 2118 ll
971 2067 1114 2130 teberga
1155 2067 1228 2130 pium
1250 2067 1405 2130 operationis
1424 2069 1443 2134 ll
1458 2067 1616 2130 Viburgi.
1632 2065 1677 2116 324
1697 2079 1710 2116 4
1728 2063 1792 2118 Vide
1829 2071 1869 2116 444
1886 2063 2007 2116 sensibile
2024 2077 2166 2116 commune
2186 2065 2207 2116 V
2228 2065 2277 2116 300
2299 2067 2314 2118 3

476 2179 513 2190 -
531 2161 570 2204 444
588 2153 710 2204 accidens
728 2153 879 2206 absolutum
899 2157 931 2208 444
953 2155 1003 2206 340
1023 2151 1051 2206 4*
1158 2155 1189 2208 V.
1209 2151 1425 2220 444444444408
1444 2137 1701 2220 44--4444444444
1718 2167 1792 2220 egre·
1883 2159 1989 2218 -est,
2016 2151 2062 2204 nbi
2090 2157 2130 2202 est
2157 2151 2317 2206 mensuratio
2338 2155 2344 2202 l
2366 2153 2416 2206 427
2437 2153 2463 2204 4*

530 2267 566 2278 ·-
584 2247 628 2292 444
647 2247 684 2292 444
704 2243 793 2308 lomna,
809 2247 852 2296 aut
871 2259 900 2296 se
918 2249 986 2296 tenet
999 2257 1029 2294 ex
1043 2247 1116 2306 parte
1155 2241 1226 2292 ditur
1244 2245 1367 2306 potentia,
1387 2257 1455 2310 quae
1473 2257 1523 2296 non
1537 2249 1577 2296 est
1589 2243 1697 2296 alterius
1715 2227 1802 2306 genes
1832 2237 1895 2292 Vide
1919 2241 1947 2292 V.
1965 2241 2096 2296 Mensura
2115 2241 2139 2290 44
2161 2239 2247 2292 indice
2263 2253 2352 2304 gener.

477 2329 578 2382 formae
596 2331 613 2382 ll
635 2331 684 2382 408
707 2331 722 2382 4.
742 2331 752 2382 4
776 2357 810 2370 -
830 2331 923 2384 dicitnr
944 2331 1116 2382 tormadeno-
1155 2331 1191 2382 ris
1210 2343 1289 2394 quam
1310 2331 1366 2394 ipsa
1388 2329 1447 2382 486
1466 2345 1479 2382 a
1687 2389 1689 2406 Ι
1883 2357 1917 2366 -
1937 2327 2085 2382 Secundum
2112 2329 2279 2394 quantitatem
2306 2327 2399 2382 dicitur
2423 2343 2464 2380 ae·

481 2419 592 2484 minans,
611 2421 653 2470 vel
673 2419 807 2484 dispositio
822 2419 1045 2474 nobilitatisl37ti
1061 2417 1114 2470 dd
1208 2445 1243 2454 -
1262 2417 1341 2482 Quale
1361 2421 1425 2484 quid
1446 2417 1467 2470 V
1487 2421 1521 2472 83
1542 2417 1587 2472 44*
1685 2409 1687 2428 ”
1750 2451 1752 2454 -
1829 2419 1906 2484 quale
1925 2423 1950 2470 et
1969 2415 2106 2482 inaequale
2125 2415 2132 2466 l
2151 2415 2202 2468 342
2222 2429 2279 2480 arg.
2300 2417 2323 2466 2.
2337 2415 2464 2468 3434-

531 2535 566 2544 -
585 2511 759 2560 communiter
778 2509 845 2560 dicta
871 2514 909 2562 est
937 2521 989 2574 qun
1019 2505 1115 2574 aliquid
1209 2505 1350 2570 Qunnrrrts
1367 2507 1793 2574 -444444444444444444444444444
1829 2505 1912 2558 Omna
1940 2511 2067 2572 quantum
2095 2509 2274 2568 comparatum
2306 2511 2402 2570 quanto
2422 2511 2465 2556 aut

479 2595 648 2658 cognoscitur
665 2597 672 2646 l
694 2595 739 2646 394
765 2595 792 2646 5*
1154 2595 1331 2646 extensionem
1349 2591 1385 2646 de
1403 2601 1495 2646 natura
1515 2597 1556 2646 sui
1575 2597 1679 2658 generis
1692 2595 1724 2646 lV
1741 2593 1792 2646 274
1829 2601 1869 2646 est
1883 2595 1974 2656 maius,
1988 2597 2032 2646 aut
2045 2595 2140 2658 miuus,
2153 2599 2199 2646 aut
2210 2595 2319 2660 aequale
2331 2595 2340 2644 l
2354 2591 2403 2646 346
2420 2591 2463 2644 44

532 2709 565 2718 —-
586 2697 663 2734 suurn
689 2683 837 2736 subiectum
861 2683 941 2736 babet
968 2681 1116 2750 qualificare
1154 2679 1184 2734 2*
1206 2679 1269 2734 Vide
1285 2680 1316 2732 V.
1331 2679 1431 2734 Positio
1445 2683 1469 2732 iu
1483 2681 1570 2734 lndiee
1583 2695 1671 2744 gener.
1685 2709 1719 2718 -
1734 2697 1792 2746 pro·
1832 2679 1895 2736 Vide
1917 2681 1946 2734 V.
1964 2679 2107 2748 Preporlio
2127 2683 2151 2730 in
2171 2679 2257 2734 indiae
2276 2697 2366 2748 gener.

479 2769 507 2822 444
527 2769 580 2822 277
599 2783 611 2820 a
1154 2769 1211 2834 prie
1229 2769 1324 2820 dicitur
1342 2769 1471 2834 quantitas
1491 2769 1568 2820 molis
1586 2769 1593 2820 l
1608 2769 1658 2820 308
1673 2769 1700 2822 b.
1712 2769 1791 2842 3434
1885 2793 1920 2806 -
1940 2769 2091 2832 (4444444404
2113 2771 2198 2832 passio
2217 2775 2256 2822 est
2279 2769 2364 2822 finitas
2387 2775 2413 2822 44
2432 2771 2466 2820 in·

532 2887 567 2898 -·-
590 2859 651 2912 dicit
677 2859 790 2912 sormam
821 2861 1069 2912 universalissimam
1097 2860 1115 2911 ll
1153 2885 1189 2898 -
1208 2859 1346 2910 materialis
1376 2857 1470 2910 elicitur
1499 2857 1629 2924 quantitas
1658 2857 1732 2910 molis
1760 2859 1792 2908 444
1831 2857 1917 2908 linitas
1936 2857 1943 2906 l
1962 2853 2013 2906 768
2032 2869 2091 2920 arg.
2112 2855 2135 2906 4.
2154 2857 2180 2908 V
2198 2859 2231 2908 80
2251 2859 2342 2922 argi

480 2945 532 2998 440
551 2947 569 3000 4.
589 2947 603 2996 6
1158 2947 1209 2998 437
1228 2945 1257 2998 b.
1276 2945 1297 2996 V
1320 2947 1346 2996 84
1371 2961 1385 2996 4
1403 2973 1440 2986 --
1458 2947 1533 2998 molis
1553 2949 1591 2998 444
1616 2945 1738 2998 accidens
1757 2961 1794 2998 es·
1883 2969 1917 2982 -·
1937 2943 2074 3008 Quantitati
2101 2957 2148 3006 per
2167 2959 2195 2996 se
2222 2947 2310 2998 insunt
2336 2949 2463 3000 contraria

478 3063 479 3066 =
533 3061 569 3072 -
588 3035 672 3086 Prima
692 3035 792 3098 species
812 3035 941 3102 qualitatis
960 3035 1117 3088 estuabittts
1154 3035 1294 3088 seutialiter
1314 3033 1437 3086 4444444444
1459 3047 1473 3086 4
1493 3039 1590 3100 quanto
1610 3035 1619 3084 l
1639 3033 1690 3086 309
1709 3031 1738 3084 3*
1757 3061 1791 3072 --
1831 3027 1968 3084 142824

478 3129 504 3176 44
532 3123 667 3186 dispositio
697 3123 728 3174 lV
760 3123 808 3174 436
836 3125 852 3174 4.
877 3123 1116 3176 2400044-
1156 3123 1230 3174 molis
1250 3129 1287 3174 444
1301 3123 1326 3174 44
1340 3121 1607 3186 44444444444444308
1622 3121 1648 3174 b.
1661 3121 1792 3174 lVl37h
1884 3145 1920 3158 -·-
1939 3121 2082 3170 necessaria
2108 3123 2163 3184 444,
2193 3125 2220 3172 44
2249 3135 2343 3186 444444
2372 3121 2465 3174 babeat

479 3209 570 3262 Omnis
588 3209 914 3274 perlectioanimaeestin
932 3213 1116 3276 primaspeoie
1206 3217 1299 3262 -est
1319 3211 1517 3276 continuaret
1539 3209 1649 3262 discreta
1670 3209 1678 3258 l
1698 3207 1750 3260 345
1769 3225 1793 3262 4.
1830 3207 2015 3272 perlectionem
2044 3207 2076 3258 444
2105 3207 2157 3258 220
2185 3205 2220 3258 4*.
2241 3209 2291 3260 223
2311 3207 2327 3260 b
2351 3207 2413 3262 Vide
2438 3207 2464 3260 V.
2502 3199 2504 3202 ’

479 3299 608 3366 qualitatis
627 3297 661 3349 444
681 3299 750 3350 4000
770 3299 785 3352 4.
805 3299 822 3352 4
841 3327 874 3338 -
894 3301 1117 3366 Degenerequa-
1155 3301 1172 3350 ll
1193 3299 1226 3352 56
1247 3311 1302 3362 arg.
1322 3297 1347 3348 6.
1367 3299 1465 3350 444483
1486 3297 1543 3350 (4.4
1830 3295 1935 3362 Corpus
1952 3291 2029 3360 (454
2049 3293 2084 3360 b).
2104 3321 2139 3334 -
2165 3309 2215 3348 non
2243 3303 2325 3362 potest
2350 3297 2463 3350 abstrahi

479 3387 555 3440 4444444
569 3395 606 3438 est
619 3387 698 3438 444444
712 3387 815 3442 babitus
828 3389 853 3440 in
867 3395 924 3442 actu
945 3389 978 3442 lV
999 3389 1062 3440 4004
1087 3387 1115 3438 5*
1209 3413 1243 3426 ·-
1263 3387 1288 3438 44
1302 3387 1445 3452 quantitate
1457 3385 1635 3438 consideratur
1647 3387 1791 3452 integritas,
1830 3397 1843 3434 a
1865 3397 1977 3448 corpore
1996 3385 2100 3436 vivente
2120 3389 2143 3436 et
2162 3387 2285 3450 organico
2299 3387 2331 3438 lV
2346 3387 2396 3438 249
2409 3387 2427 3438 4.
2440 3387 2463 3438 2.

533 3503 569 3516 --
587 3477 707 3528 Secundo
724 3479 826 3540 species
844 3479 973 3546 qualitatis
992 3487 1030 3532 est
1046 3483 1117 3530 natu·
1157 3481 1203 3528 aut
1221 3475 1404 3538 numerositas,
1423 3481 1467 3526 aut
1487 3475 1642 3528 diuturnitas
1661 3475 1694 3528 lV
1712 3473 1794 3528 5724
1831 3471 1931 3522 402844
1948 3469 2010 3526 Vide
2025 3471 2171 3526 4844444
2190 3469 2263 3538 (487
2279 3475 2463 3540 tal-molis,

479 3565 540 3618 ralis
559 3567 671 3630 potentia
692 3575 718 3618 et
740 3567 906 3632 impotentia,
935 3581 1002 3634 quae
1027 3580 1116 3620 conse·
1154 3593 1191 3602 -
1209 3567 1234 3618 ln
1256 3577 1351 3630 genere
1371 3563 1521 3630 quantitatis
1538 3565 1677 3616 continuae
1695 3563 1794 3616 suutli·
1831 3575 1898 3628 quae
1918 3573 1968 3612 non
1989 3561 2170 3614 4444444444444
2189 3563 2214 3612 44
2231 3561 2464 3628 originationem

479 3657 568 3720 quitur
587 3663 706 3708 naturam
725 3657 743 3708 ll
764 3657 814 3708 560
834 3671 857 3708 4.
877 3657 909 3708 lV
930 3655 980 3708 437
1000 3657 1118 3708 a-Se-
1154 3667 1217 3716 nea,
1235 3651 1402 3718 4444404444,
1421 3665 1531 3718 444444,
1553 3653 1669 3704 4444444
1690 3661 1794 3716 tempus
1831 3651 1856 3702 in
1870 3651 1967 3702 ratione
1981 3647 2177 3702 lilitlbeide
2190 3649 2217 3702 V.
2230 3647 2419 3720 0444444456
2429 3649 2465 3714 4).

479 3745 565 3796 cunda
585 3745 685 3806 speeies
710 3747 840 3810 qualitatis
864 3747 925 3798 dicit
954 3745 1114 3810 lacilitatem,
1155 3743 1173 3794 ll
1194 3741 1226 3792 56
1247 3753 1304 3806 arg.
1324 3741 1338 3792 6
1358 3769 1392 3778 ——
1411 3749 1451 3794 est
1468 3741 1593 3804 temporis
1617 3745 1642 3792 et
1666 3741 1793 3792 extensio·
1882 3765 1917 3778 -
1937 3739 2213 3792 estmolisetvirtutis
2228 3739 2310 3791 44380
2328 3753 2353 3792 a.
2372 3739 2458 3790 444304

480 3845 547 3898 quae
567 3833 735 3898 consequitur
755 3833 862 3886 modum
877 3831 1002 3886 existendi
1015 3839 1117 3884 natura·
1155 3831 1196 3882 nis
1214 3829 1246 3881 lV
1267 3827 1319 3880 947
1337 3827 1363 3880 d.
1387 3831 1395 3880 4
1420 3857 1454 3866 -
1472 3835 1512 3882 444
1529 3829 1673 3882 secundum
1689 3835 1793 3894 tompus
1831 3843 1855 3880 a.
1869 3827 1888 3878 V
1904 3827 1938 3880 36
1952 3825 1999 3878 43*
2015 3855 2053 3864 -
2069 3831 2108 3878 444
2119 3827 2265 3892 ,spiritualis
2284 3833 2310 3880 et
2322 3827 2464 3894 corporalis

480 3921 512 3972 lis
531 3921 660 3984 potentiae
677 3921 703 3970 in
723 3905 868 3974 subiectat
889 3921 921 3972 85
941 3921 968 3972 b·
1155 3927 1180 3972 et
1200 3917 1344 3970 secundum
1365 3917 1452 3970 locum
1472 3917 1479 3966 l
1501 3915 1552 3970 345
1572 3933 1585 3970 4
1830 3917 1886 3968 sive
1904 3915 1980 3968 molis
1997 3915 2028 3968 lV
2044 3915 2094 3966 437
2108 3915 2126 3966 b
2138 3943 2173 3954 -
2186 3915 2286 3968 virtutis
2300 3915 2465 3980 distinguitur

443 4069 447 4078 Ι
533 4035 567 4046 -
588 4009 612 4058 lu
634 4007 707 4060 tertia
725 4011 812 4072 specie
830 4009 960 4074 qualitatis
977 4015 1017 4062 est
1031 4011 1117 4072 passio
1210 4035 1243 4044 -
1268 4005 1417 4074 Secundum
1447 4005 1615 4070 quantitatem
1643 4007 1792 4060 continuam
1831 4011 1918 4058 contra
1938 3991 2105 4070 quantitatem
2126 4005 2200 4056 molis
2218 4003 2252 4056 lV
2271 4005 2322 4056 948
2341 4005 2403 4056 443

482 4107 508 4150 44
521 4095 657 4162 passibilis
676 4095 786 4160 qualitas
805 4097 839 4148 444
851 4095 909 4148 -437
928 4095 947 4150 b
1155 4095 1321 4146 intrinsecam
1340 4101 1380 4146 est
1397 4091 1512 4146 extensio
1529 4095 1605 4146 444444
1628 4095 1634 4144 4
1653 4093 1706 4146 345
1724 4109 1738 4146 4
1758 4121 1792 4134 -·
1884 4119 1918 4132 -
1938 4095 2039 4146 virtutis
2058 4091 2147 4146 similis
2169 4099 2207 4144 est
2233 4093 2365 4158 quantitati
2390 4095 2466 4146 molis

500 4211 503 4218 Δ
533 4211 569 4224 -
587 4185 613 4236 44
635 4189 726 4248 quarta
739 4185 826 4248 specie
839 4185 969 4252 qualitatis
981 4191 1021 4236 est
1032 4185 1115 4236 torma
1156 4183 1275 4236 Exteusio
1293 4179 1354 4232 dicit
1374 4181 1552 4248 quantitatem,
1573 4183 1634 4248 quia
1653 4181 1715 4234 dicit
1734 4197 1794 4246 par·
1830 4189 1855 4234 et
1874 4181 2011 4246 perfectior
2031 4181 2038 4230 l
2059 4179 2109 4232 346
2130 4181 2145 4230 4.
2166 4181 2181 4232 2
2199 4207 2236 4218 -
2254 4183 2466 4246 spiritualisdiei·

482 4279 508 4326 et
527 4273 609 4338 ligura
631 4271 663 4322 444
684 4271 772 4326 rein
940 4323 941 4326 ,
1015 4305 1016 4308 =
1156 4277 1296 4324 tarnenna
1318 4273 1416 4334 partem
1438 4269 1509 4320 4494
1535 4267 1581 4320 40*
1753 4271 1754 4274 ’
1830 4275 1872 4320 tur
1889 4269 2018 4336 quantitas
2036 4269 2139 4321 virtutis
2157 4269 2181 4320 V
2200 4269 2228 4320 84
2253 4273 2466 4334 a—metapbo·

535 4359 651 4412 -dnae
664 4365 724 4412 sunt
736 4363 845 4428 activae,
859 4361 926 4414 duae
941 4363 1069 4426 passivae,
1082 4373 1119 4414 se·
1209 4383 1244 4394 -
1264 4357 1339 4408 molis
1358 4369 1408 4406 non
1429 4357 1506 4410 simul
1525 4359 1575 4408 stat
1592 4369 1652 4408 cum
1673 4355 1792 4420 simplici·
1830 4359 1883 4410 rice
1902 4357 1999 4416 dicitur
2016 4359 2146 4422 quantitas
2166 4359 2267 4410 44444444
2287 4359 2359 4410 4308
2374 4357 2398 4410 b.
2413 4357 2463 4410 343

460 4449 1120 4514 ‹eundumquasdementaordinanturadtrans·
1156 4451 1207 4498 tate
1225 4447 1251 4496 in
1271 4443 1365 4496 eodem
1384 4451 1408 4496 et
1427 4443 1573 4496 secundum
1591 4445 1661 4496 idem
1682 4443 1704 4496 V
1724 4443 1791 4496 844
1830 4445 2003 4496 a-Nomen
2016 4447 2165 4512 quantitatis
2178 4445 2322 4498 extenditur
2333 4445 2368 4496 ad
2386 4459 2467 4512 quan·

480 4539 651 4590 mutationem
670 4541 696 4588 et
714 4539 907 4602 corruptionem
927 4539 960 4590 444
978 4537 1030 4588 993
1050 4551 1065 4586 4
1083 4563 1120 4574 -
1154 4559 1191 4572 -
1210 4533 1284 4586 molis
1302 4539 1434 4598 repugnat
1452 4533 1607 4598 simplicitati
1627 4533 1649 4584 V
1669 4533 1703 4584 82
1721 4529 1752 4584 6*
1832 4533 1930 4586 litatem
1954 4533 2058 4586 virtutis
2082 4533 2089 4584 l
2110 4533 2162 4584 770
2183 4529 2210 4584 l*
2230 4531 2384 4586 -nirtutis
2412 4547 2462 4584 uon

481 4627 582 4676 activae
600 4637 629 4678 se
649 4625 820 4688 multiplicant
839 4627 862 4676 in
884 4623 978 4690 altero,
998 4625 1118 4690 passivae
1209 4649 1244 4662 -
1263 4621 1374 4674 discreta
1393 4625 1440 4686 est,
1453 4618 1550 4674 4444444
1563 4623 1714 4686 aggregatio
1728 4621 1792 4673 mul·
1829 4629 1869 4674 est
1887 4623 1911 4674 44
1933 4635 2028 4686 genera
2048 4623 2196 4688 quantitatis
2214 4623 2321 4686 proprie
2338 4623 2357 4674 44
2377 4619 2409 4672 57
2424 4619 2460 4686 6*.

481 4713 628 4764 adbaerent.
648 4711 858 4768 insternatur
883 4713 945 4766 Vide
967 4713 996 4766 V.
1016 4713 1118 4766 Formo
1156 4711 1272 4764 titudinis
1290 4711 1299 4762 l
1320 4709 1403 4762 3454
1430 4737 1464 4746 -
1490 4709 1598 4762 discreta
1625 4713 1663 4762 est
1688 4709 1793 4762 maioris
1830 4711 1864 4762 62
1882 4709 1899 4764 b
1919 4737 1953 4750 --
1976 4713 2077 4764 virtutis
2106 4723 2156 4762 uon
2186 4711 2289 4776 ponitur
2315 4713 2339 4762 in
2370 4723 2465 4776 genere

373 4845 374 4848 ,
480 4797 618 4860 26.-44
633 4815 742 4866 corpore
755 4815 786 4854 ex
806 4803 916 4854 diversis
929 4803 1068 4854 constituto
1082 4807 1119 4854 est
1156 4799 1336 4852 abstractionis
1354 4799 1569 4864 qnamcontlnua
1589 4797 1596 4848 l
1617 4797 1668 4850 425
1688 4791 1704 4850 Ι4.
1723 4797 1740 4848 4
1758 4825 1792 4836 -
1830 4801 1977 4866 quantitatis
1994 4787 2103 4852 'naturae
2122 4797 2154 4850 lV
2176 4797 2262 4852 43744

481 4891 599 4954 44444444
617 4891 770 4956 qualitatum
789 4893 986 4944 elementarium
1013 4895 1119 4956 propter
1156 4887 1356 4950 Circumscripta
1375 4887 1793 4952 quantitate,nouestintelligere
1885 4915 1918 4924 -
1937 4889 2038 4940 virtutis
2057 4893 2094 4940 est
2114 4887 2222 4954 qualitas
2240 4887 2271 4938 lV
2292 4887 2343 4938 339
2364 4887 2464 4938 (4.7-

481 4977 689 5044 inaequalitatem
710 4979 836 5032 virtutum
854 4979 889 5032 444
908 4977 996 5034 42544
1156 4987 1296 5028 numerum
1316 4975 1334 5026 ll
1355 4973 1405 5024 405
1424 4987 1482 5040 arg.
1502 4977 1516 5026 6
1830 4977 1933 5028 virtutis
1960 4977 2065 5040 ponitur
2088 4977 2115 5028 in
2142 4975 2320 5040 spiritualibus
2339 4977 2346 5026 l
2368 4975 2418 5028 308
2438 4975 2463 5028 b.

533 5091 569 5104 ·-
587 5067 688 5130 primae
708 5069 807 5118 4444444
833 5075 856 5120 44
883 5069 1003 5134 44444444
1026 5079 1119 5120 44444-
1209 5091 1245 5102 ·-
1265 5063 1338 5114 molis
1357 5071 1396 5116 444
1420 5061 1546 5128 partibilis
1570 5067 1594 5116 et
1619 5077 1699 5128 super
1717 5065 1794 5130 parti·
1831 5065 1882 5116 343
1901 5079 1917 5116 4
1936 5091 1970 5104 -·
1990 5067 2091 5116 virtutis
2111 5065 2178 5116 cirea
2197 5077 2274 5116 omne
2294 5063 2357 5118 illud
2381 5071 2465 5128 potest

481 5153 544 5206 dum
566 5155 774 5208 contrarietatem
793 5165 853 5208 suut
867 5161 979 5222 qualitor
992 5157 1012 5208 ll
1025 5155 1076 5208 340
1091 5153 1119 5208 4*
1156 5155 1209 5206 bile
1225 5153 1331 5206 lundata
1350 5152 1380 5204 444
1399 5151 1447 5204 304
1470 5165 1485 5204 4
1509 5151 1572 5206 Vide
1592 5151 1622 5204 V.
1643 5151 1752 5206 cinisio.
1832 5153 1902 5216 poni,
1922 5155 1989 5206 44444
2009 5151 2079 5218 qnod
2100 5153 2204 5216 ponitur
2223 5151 2322 5216 gradus
2339 5153 2465 5206 excellen-

479 5269 516 5282 -
534 5247 647 5308 quatuor
665 5229 852 5298 elementorum
867 5245 900 5296 lV
913 5243 965 5296 927
979 5247 995 5296 4.
1010 5243 1118 5298 54025
1211 5241 1342 5308 -Quod
1361 5241 1422 5294 dicit
1441 5253 1531 5294 veram
1557 5241 1725 5308 quantitatem
1753 5255 1795 5292 ne·
1831 5241 1881 5292 tiae
1898 5251 2018 5304 respectu
2044 5241 2148 5292 44444444
2167 5241 2191 5292 V
2210 5241 2244 5292 32
2263 5239 2292 5292 4*
2310 5271 2344 5278 -
2363 5241 2463 5294 virtutis

480 5331 575 5382 l.3.V
594 5331 646 5382 363
665 5329 773 5384 24404
791 5333 807 5382 7
827 5361 862 5372 -
881 5333 978 5384 activae
999 5337 1059 5386 sunt
1079 5347 1120 5384 ea·
1157 5331 1481 5394 cessarioponitpartem
1501 5329 1792 5394 apprendatis.
1831 5343 1882 5382 non
1901 5335 2002 5382 tantum
2021 5329 2160 5382 attenditur
2186 5331 2209 5380 in
2237 5331 2397 5396 operatione,
2417 5329 2463 5382 sed

479 5417 561 5470 lidum
582 5411 606 5470 et
625 5417 759 5486 frigidum,
773 5423 894 5484 passivae
907 5427 966 5472 sunt
979 5421 1118 5474 humidum
1156 5419 1227 5472 thl
1253 5417 1281 5472 9*
1299 5419 1402 5472 -Ubi
1422 5421 1566 5484 quantitas,
1584 5417 1622 5468 ibi
1640 5419 1750 5472 totalitas
1769 5427 1794 5472 et
1831 5421 1907 5472 etiam
1928 5421 1953 5470 in
1973 5433 2001 5468 re
2020 5415 2138 5470 obsolute
2156 5417 2318 5472 considerata
2336 5427 2462 5486 quantum

478 5513 504 5558 44
523 5507 620 5558 siccum
641 5507 672 5558 444
693 5507 879 5560 stanvelt
903 5523 925 5560 a.
947 5509 997 5560 293
1016 5509 1033 5562 b
1055 5507 1118 5562 Vide
1156 5509 1290 5574 integritas
1310 5509 1318 5558 l
1337 5505 1389 5558 355
1407 5519 1464 5570 arg.
1484 5507 1500 5556 2
1518 5533 1554 5544 ·-
1573 5505 1667 5556 Totum
1688 5511 1712 5558 ct
1732 5519 1794 5568 pars
1831 5507 1866 5558 ad
1885 5505 2043 5558 nobilitatem
2063 5505 2159 5556 valoris
2178 5505 2257 5558 4345
2276 5521 2301 5558 a.
2318 5507 2370 5558 770
2391 5505 2463 5558 4*.44

483 5593 515 5646 V.
534 5591 792 5662 Carpite-simplem
810 5625 846 5634 -
864 5597 924 5648 Tria
944 5609 1038 5662 genera
1053 5611 1119 5664 444-
1156 5595 1246 5648 dicnnt
1265 5595 1433 5662 quantitatem
1453 5593 1484 5644 444
1505 5593 1556 5644 242
1576 5593 1590 5642 l.
1613 5594 1623 5643 4
1832 5595 1866 5646 82
1886 5591 1914 5644 4*
1931 5621 1967 5632 ·-
1985 5595 2086 5646 virtutis
2111 5599 2150 5644 est
2168 5595 2311 5646 essentialis
2335 5595 2462 5656 potentiae

481 5681 581 5734 litatum
600 5671 626 5734 iu
646 5683 780 5736 elementis
800 5685 936 5736 4449934
975 5681 976 5686 ’
1208 5713 1245 5724 -
1264 5685 1347 5736 omnis
1366 5679 1452 5736 'babet
1475 5681 1650 5748 principium,
1676 5679 1792 5734 medium
1831 5681 1910 5732 4309
1931 5679 1959 5732 3*
1978 5709 2012 5718 -
2033 5681 2136 5732 virtutis
2160 5683 2265 5744 respicit
2289 5683 2463 5746 potentiaml

537 5797 570 5808 ·-
590 5771 705 5836 Quatuor
724 5773 861 5836 primarias
875 5773 1012 5838 qualitates
1025 5787 1119 5838 appre-
1156 5779 1182 5826 et
1200 5775 1320 5824 ultimum
1346 5771 1354 5820 l
1381 5771 1413 5822 38
1434 5785 1501 5820 a-
1520 5769 1650 5822 Perlectio
1668 5783 1791 5834 suprema
1830 5769 1883 5820 345
1901 5783 1926 5822 a.
1946 5769 1967 5822 V
1988 5769 2020 5820 80
2040 5769 2132 5834 argi
2305 5829 2306 5832 Ἴ

482 5857 572 5910 bendit
591 5863 673 5910 tactus
694 5859 716 5908 V
735 5859 822 5910 3003
1157 5861 1306 5926 quantitatis
1330 5859 1467 5910 continuae
1491 5857 1605 5910 consistit
1626 5859 1650 5908 in
1670 5859 1734 5910 trina
1756 5859 1793 5908 di·
1884 5883 1918 5896 --
1937 5857 2039 5910 virtutis
2064 5853 2221 5910 abstrahite
2242 5859 2363 5910 totalitate
2383 5863 2408 5910 et
2427 5861 2464 5910 in-

428 5977 430 5980 -
535 5973 570 5984 -
590 5961 657 6012 quae
675 5949 729 6012 agit
748 5949 774 6000 in
793 5947 873 6014 aliud,
895 5951 966 6012 prius
985 5961 1119 6014 eompara—
1156 5949 1291 6000 mensione
1310 5943 1371 6000 idid.
1729 6009 1730 6014 ἵ
1831 5947 1947 6012 tegritate
1967 5947 1974 5998 l
1994 5945 2044 5998 356
2065 5943 2093 5998 2*

482 6039 525 6086 444
544 6033 578 6086 46
597 6025 765 6100 principium,
785 6051 798 6086 a
818 6051 872 6102 qno
886 6037 1011 6102 procedit,
1025 6037 1120 6090 deinde
1208 6063 1245 6076 -··
1263 6037 1325 6090 Esse
1342 6037 1491 6102 quantitatis
1509 6041 1533 6090 et
1546 6043 1637 6090 natura
1650 6041 1736 6088 ortum
1752 6039 1794 6088 tna·
1883 6063 1917 6074 -
1937 6035 2037 6088 virtutis
2057 6035 2184 6100 reperitur
2202 6035 2228 6086 44
2255 6037 2416 6102 simplicibus
2436 6039 2465 6090 444

482 6121 517 6174 ad
535 6123 696 6186 oppositum,
716 6123 786 6186 quod
800 6123 910 6188 expellit,
924 6125 999 6176 tertio
1013 6123 1044 6174 ad
1059 6123 1119 6176 snb·
1156 6123 1232 6178 44444
1259 6123 1400 6178 substantia
1426 6125 1459 6176 lV
1479 6123 1530 6176 274
1550 6123 1579 6176 2*
1601 6123 1663 6178 Vide
1688 6123 1715 6176 V.
1735 6125 1794 6178 Me·
1832 6123 1877 6174 304
1901 6137 1914 6174 4
1940 6121 2001 6176 Vide
2020 6123 2046 6176 V.
2060 6119 2391 6192 Simpliciioa.·-virtutis
2404 6127 2463 6176 sim·

482 6209 594 6272 tectum,
625 6207 697 6272 quod
725 6209 827 6272 perlicit
854 6213 886 6264 444
906 6209 957 6262 449
977 6207 1014 6262 4*.
1034 6207 1084 6262 426
1103 6225 1118 6262 a
1157 6211 1224 6266 teria
1244 6209 1295 6270 22.
1830 6213 1931 6276 pliciter
1949 6211 2061 6276 perlecta
2079 6217 2119 6264 est
2136 6213 2161 6262 in
2176 6223 2278 6264 summo
2292 6219 2317 6264 et
2329 6213 2463 6278 simplicis·

481 6323 517 6334 --
537 6309 588 6346 non
607 6299 693 6358 potest
717 6297 856 6348 informare
883 6297 1043 6360 subiectum,
1071 6299 1119 6350 nisi
1208 6309 1300 6354 -est
1321 6303 1434 6366 primam
1454 6303 1626 6356 accidentium
1645 6301 1744 6354 444276
1766 6299 1794 6352 l*
1830 6303 1896 6354 simo
1915 6301 1925 6352 l
1945 6299 2028 6352 3474

481 6387 555 6450 prius
581 6383 741 6446 intelligatur
769 6387 886 6448 expulsio
913 6387 1058 6438 contrariae
1084 6387 1117 6436 lV
1156 6415 1191 6428 -
1211 6393 1358 6444 naturaliter
1379 6391 1456 6444 habet
1474 6391 1593 6444 substare
1606 6391 1662 6442 aliis
1676 6391 1793 6444 44444444-
1882 6417 1918 6430 -
1935 6389 2036 6444 virtutis
2061 6393 2133 6442 4444
2158 6387 2241 6440 torota
2261 6387 2277 6438 ll
2304 6387 2355 6440 732
2375 6385 2411 6438 5*.
2431 6389 2461 6442 444

482 6473 533 6526 496
553 6485 579 6540 a,
599 6469 628 6522 3*
732 6495 734 6498 ·
1157 6477 1226 6530 tibus
1246 6481 1277 6534 444
1298 6481 1348 6532 282
1368 6495 1383 6532 4
1407 6477 1468 6534 Vide
1488 6477 1515 6530 V.
1527 6477 1655 6534 Accidens
1668 6475 1744 6544 (406
1757 6481 1792 6544 a).
1831 6481 1883 6534 395
1901 6477 1939 6532 4*.
1958 6479 1981 6532 V
2001 6477 2033 6530 82
2054 6475 2082 6530 2*

592 7185 694 7240 indices
711 7185 740 7238 in
760 7191 824 7242 tem.
842 7185 911 7238 ltV.
932 7183 998 7252 Opp.
1017 7183 1046 7238 S.
1066 7187 1166 7246 Bonna.
