5784 8384
250 567 293 632 74
912 565 918 576 ’
1076 569 1191 634 1040814
1212 569 1404 638 SECUNDUS
1710 623 1711 626 a

540 653 602 708 000
1883 663 1947 718 000

249 761 351 800 veneno
368 761 386 800 a
404 745 499 808 duplici
515 743 583 796 mola
595 745 690 806 0004.οι
702 743 801 794 44040040
824 739 886 794 4040.
920 763 923 768 ’
974 771 1012 784 -
1028 741 1159 798 00440404οι
1179 745 1338 798 contritionis
1367 749 1426 798 sunt
1454 753 1559 812 peccata
1595 749 1648 800 lum
1669 751 1701 804 Ν
1721 753 1772 802 390
1793 751 1864 806 b·-
1882 761 1909 806 ut
1933 755 2044 808 deletiva
2068 767 2169 818 poenae
2192 755 2235 806 ba·
2334 747 2338 752 ’

250 851 290 902 sq.
308 863 345 874 -
361 839 402 886 est
424 831 515 882 fractio
539 833 565 880 40
594 831 709 882 04400000
735 835 838 894 partes,
857 837 887 884 ut
907 839 1023 884 'tantum
1041 833 1076 884 Ν
1094 833 1145 884 398
1164 833 1270 884 03-
1286 831 1445 886 Contritione
1466 833 1560 884 deden·
1593 835 1639 890 bet
1657 839 1782 890 maiorem
1802 839 1844 892 vel
1863 843 1990 896 minorem
2008 843 2182 896 intensionem
2195 855 2235 894 re-

249 931 318 976 totus
337 923 420 988 liquor
449 917 596 972 0000004οι
622 917 726 970 144385
746 931 885 970 a-non
922 921 971 972 000
989 923 1138 972 0004044040
1151 921 1423 986 sequelaeetpoenae
1442 923 1559 974 actaelll
1594 931 1686 988 spectu
1704 927 1857 988 specialium
1870 935 2037 992 peccatorum
2051 931 2130 982 etiam
2140 941 2236 982 secuu-

248 1011 343 1062 dicitur
358 1007 463 1070 attritio,
480 1007 542 1072 quia
563 1007 674 1070 panium
704 1005 822 1059 tritarum
845 1011 887 1058 004
922 1007 973 1058 400
993 1007 1020 1058 d.
1038 1007 1251 1074 e-Qoaedam
1271 1013 1377 1072 peccata
1395 1009 1492 1062 debent
1510 1011 1560 1060 siu·
1595 1011 1658 1064 dum
1680 1021 1764 1064 actum
1784 1013 1845 1066 40404.
1871 1043 1904 1052 -
1931 1019 1990 1070 licet
2012 1031 2095 1082 parva
2116 989 2235 1084 sufficiat,

248 1099 324 1164 unio,
345 1099 372 1148 ut
392 1097 433 1148 liat
459 1109 556 1148 novum
581 1109 629 1146 ves
647 1091 679 1148 40.
701 1093 771 1148 b-
794 1103 834 1148 est
858 1095 885 1146 in
921 1095 982 1160 gula
1009 1097 1127 1148 00000004
1148 1099 1175 1146 04
1202 1097 1299 1160 000004,
1322 1097 1454 1164 quaedam
1472 1099 1498 1148 in
1517 1111 1560 1162 ge·
1595 1105 1682 1152 tamen
1700 1103 1846 1154 necessario
1866 1103 1944 1156 babet
1961 1107 2081 1158 ordinem
2096 1112 2121 1157 et
2134 1105 2235 1170 gradus

250 1189 452 1250 poenaaeterna
471 1187 495 1236 04
515 1185 690 1250 pergratiam
710 1181 777 1238 4400
922 1197 992 1250 0000,
1013 1197 1064 1234 000
1082 1183 1227 1238 secundum
1243 1187 1448 1238 circumstantias
1459 1187 1494 1238 Ν
1508 1187 1559 1238 339
1593 1185 1631 1240 40.
1649 1187 1680 1238 5*
1700 1189 1833 1242 -Dolor
1861 1193 1986 1244 minimus
2012 1193 2121 1260 suflicit,
2147 1195 2171 1244 04
2198 1195 2233 1244 044

300 1283 393 1326 -est
415 1279 502 1324 motus
525 1273 627 1324 virtutis
650 1273 824 1338 poenitenliae
851 1271 885 1322 Ν
920 1261 981 1322 d.8
1002 1287 1106 1324 -non
1136 1277 1239 1336 0000404
1265 1287 1323 1326 0000
1349 1275 1499 1340 singiliatim
1525 1273 1561 1328 de
1595 1277 1677 1340 gratia
1695 1277 1861 1340 informatae,
1881 1277 1929 1330 sed
1952 1281 2016 1332 0000
2040 1279 2155 1334 04004004
2183 1277 2233 1332 sibi

248 1361 298 1412 386
318 1377 333 1412 a
350 1391 387 1400 -
404 1367 444 1414 est
462 1361 584 1412 detestari
601 1361 777 1426 culpemsive
794 1371 885 1424 pecca·
920 1359 1038 1424 quolibet
1062 1367 1183 1426 peccato,
1209 1361 1257 1412 sed
1283 1363 1393 1428 suflicit,
1420 1371 1448 1414 ut
1474 1363 1508 1416 sit
1526 1361 1560 1414 de
1595 1349 1741 1416 dominium
1759 1367 1883 1418 ln'corde
1902 1367 1991 1432 quoad
2009 1373 2097 1420 actum
2117 1369 2234 1422 volunta-

247 1459 315 1514 tum,
338 1451 399 1514 quia
416 1449 462 1502 Dei
485 1451 657 1514 olfensivum,
676 1449 711 1502 ad
738 1446 885 1500 reconcilia·
920 1445 1044 1500 omuibus
1064 1447 1160 1502 141574
1187 1449 1242 1502 04
1267 1477 1302 1488 ··-
1322 1463 1373 1502 non
1391 1457 1559 1504 estnecessa·
1594 1453 1627 1504 tis
1653 1455 1784 1506 rationalis
1810 1453 1842 1506 Ν
1868 1455 1918 1506 389
1944 1451 1973 1504 3*
2001 1483 2036 1492 --
2064 1463 2148 1522 004004
2174 1469 2232 1510 esse

247 1541 344 1590 tionem
361 1543 388 1590 et
405 1539 542 1592 emendam
562 1541 595 1592 Ν
622 1541 672 1590 390
692 1553 714 1588 a.
734 1535 785 1586 380
805 1549 829 1598 0,
855 1535 885 1586 3*
919 1537 958 1588 rie
976 1537 1011 1588 de
1029 1545 1138 1600 peccato
1154 1539 1274 1604 originali
1287 1541 1321 1592 Ν
1334 1539 1369 1592 39
1382 1537 1407 1592 0.
1423 1539 1557 1606 tolosa.
1592 1553 1665 1606 0040,
1686 1543 1748 1610 quin
1766 1543 1800 1594 stt
1817 1543 1841 1594 in
1864 1543 1974 1596 termino
1993 1545 2138 1596 secundum
2157 1547 2233 1598 ratio·

245 1629 422 1692 —snpponit
449 1641 524 1692 spem
551 1627 645 1678 veniae
670 1625 705 1676 Ν
729 1625 780 1676 330
803 1621 831 1670 4*
848 1649 885 1662 -·
973 1653 1009 1662 ——
1027 1625 1105 1678 babet
1123 1623 1300 1694 quantitatem
1314 1629 1416 1682 virtutis
1430 1629 1461 1682 Ν
1475 1627 1558 1682 3940
1594 1643 1653 1682 0040
1684 1631 1801 1698 gratuiti,
1826 1643 1886 1682 0004
1912 1631 2232 1696 0440041040040000000-
2280 1681 2281 1684 ,

247 1715 385 1768 4444440000
403 1721 427 1768 et
447 1727 494 1780 spe
522 1719 550 1766 444
575 1713 670 1778 0004404
692 1711 759 1764 mola
777 1711 811 1764 Ν
832 1709 884 1762 399
918 1717 1059 1778 -polest
1085 1715 1184 1766 4040004
1207 1721 1233 1766 04
1261 1717 1352 1782 augeri
1381 1719 1447 1772 sicot
1473 1721 1558 1770 virtus
1592 1721 1656 1782 4040,
1676 1719 1722 1772 000
1743 1721 1866 1784 paulatim
1885 1723 1986 1772 4004004
2003 1721 2124 1786 sequelae
2135 1727 2161 1772 et
2174 1733 2232 1786 pro·

247 1805 264 1856 f.
283 1805 297 1856 3
317 1835 351 1842 —
370 1805 453 1856 004400
470 1817 501 1856 ex
521 1801 624 1866 cognita
644 1801 884 1866 gravitalepecoati
920 1803 1091 1866 poenitentiae
1120 1799 1182 1856 ibid.
1207 1803 1260 1856 395
1287 1803 1317 1856 4*
1340 1833 1377 1846 -
1400 1805 1436 1856 Ex
1453 1805 1557 1872 aequali
1593 1807 1685 1858 nitates
1715 1811 1833 1874 peccati,
1868 1813 1891 1860 et
1929 1813 2022 1872 augeat
2054 1811 2165 1872 gratiam
2195 1809 2231 1860 Ν
2297 1793 2300 1798 ’

245 1895 272 1944 04
289 1889 481 1942 misericordiae
501 1889 660 1940 abundantia
678 1889 712 1940 Ν
731 1887 782 1940 549
802 1885 864 1940 dl
918 1891 1014 1942 0404040
1031 1897 1117 1954 004004
1144 1893 1287 1956 procedere
1313 1899 1397 1946 motus
1417 1885 1558 1944 ferventior
1589 1891 1692 1946 3353*

295 2005 335 2018 -
349 1985 390 2030 004
406 1985 478 2030 actus
501 1979 603 2030 virtutis
632 1977 806 2042 poeniteutiae
834 1975 884 2028 for·
917 1979 1064 2032 secondum
1083 1981 1293 2044 cooperationem
1312 1979 1386 2032 140001
1405 1979 1508 2032 arbitrii
1521 1979 1557 2032 Ν
1643 2007 1681 2020 --
1698 1981 1777 2034 habet
1796 1979 1913 2038 00001004
1931 1983 2229 2038 00400040400000004

245 2075 342 2132 400400,
359 2067 457 2120 attritio
473 2073 513 2120 est
539 2075 612 2120 00400
641 2063 883 2118 4040000οΝ404
917 2067 969 2120 336
989 2067 1151 2134 b—-potest
1164 2069 1323 2132 4040004000
1340 2069 1557 2122 assuefactionem
1592 2071 1736 2136 otrirtus,
1754 2071 1797 2122 004
1823 2083 1851 2124 04
1876 2075 2100 2138 praeparatorium
2125 2073 2160 2126 ad
2186 2075 2230 2126 Sa·

244 2155 303 2210 0.4
329 2183 362 2196 -
382 2157 463 2208 044404
480 2169 513 2208 ex
530 2155 646 2208 adventu
665 2155 765 2220 gratiae
782 2153 818 2206 ad
836 2153 884 2206 de·
917 2153 952 2210 40.
971 2155 988 2210 f.
1010 2155 1023 2210 4
1042 2185 1078 2198 -
1094 2171 1147 2210 000
1167 2157 1309 2210 intenditur
1322 2161 1442 2222 respectu
1455 2159 1556 2222 peccati
1592 2166 1755 2211 crementum
1771 2157 1810 2210 Ν,
1826 2159 1878 2210 434
1895 2159 1923 2212 0.
1941 2159 1957 2210 5
1977 2187 2011 2200 ·-
2030 2163 2099 2216 delet
2123 2163 2229 2228 cuipam

243 2247 404 2298 testationem
433 2245 532 2308 peccati
556 2243 589 2294 Ν
614 2241 665 2294 394
695 2243 711 2294 4.
737 2245 763 2296 9.
783 2241 835 2294 498
853 2243 882 2294 0.
917 2245 1064 2310 expellendi
1081 2251 1109 2298 ut
1127 2245 1228 2310 obiecti,
1248 2243 1293 2298 sed
1313 2243 1457 2298 secundum
1477 2247 1557 2298 virtu·
1592 2253 1620 2298 ul
1637 2253 1710 2300 actus
1737 2249 1851 2314 virtutis,
1872 2261 1939 2314 qttae
1961 2251 2094 2302 concernit
2118 2253 2229 2316 gratiam

245 2333 294 2384 447
315 2333 396 2386 3*-
413 2339 543 2386 estactus
563 2329 715 2384 formatusa
736 2333 820 2396 gratia
837 2331 882 2384 ad·
918 2341 1070 2402 tem,aqua
1082 2335 1164 2386 oritur
1178 2331 1211 2386 it.
1228 2333 1373 2386 l*-eius
1385 2341 1556 2400 augmentum
1592 2333 1626 2386 Ν
1643 2335 1695 2386 380
1715 2333 1798 2386 9*--
1816 2343 1843 2388 04
1871 2345 1944 2390 00400
1971 2339 2073 2390 04040440
2093 2339 2229 2406 iustificat,

244 2423 362 2474 veniente
381 2423 455 2486 prius
473 2425 564 2472 natura
574 2435 657 2486 -quem
671 2423 800 2484 potentia,
816 2421 882 2472 sieut
917 2429 981 2474 esta
1002 2423 1057 2474 Deo
1074 2421 1326 2488 04400000,04400οο
1343 2421 1451 2474 arbitrio
1470 2423 1557 2488 dispo·
1587 2417 1617 2474 Ι40
1644 2429 1771 2490 quantum
1802 2429 1839 2478 est
1863 2427 2072 2486 sacramentum,
2094 2431 2180 2492 curat,
2199 2429 2226 2478 in

244 2511 379 2574 dispositio
398 2509 548 2562 intermedie
569 2509 600 2560 Ν
622 2507 672 2562 499
695 2507 721 2558 1*
737 2535 774 2548 -
791 2515 831 2560 004
848 2509 881 2558 04-
916 2511 1008 2576 014400,
1028 2525 1043 2562 0
1064 2513 1145 2576 gratia
1164 2511 1321 2576 completive
1340 2511 1373 2564 Ν
1392 2509 1493 2564 3954*
1590 2519 1716 2578 quantum
1737 2519 1775 2566 004
1794 2515 1903 2578 gratiae,
1919 2515 2046 2580 vivificat,
2061 2515 2086 2564 in
2102 2521 2228 2580 quantum

243 2599 295 2650 mul
316 2597 378 2652 0004
396 2597 523 2650 infusione
541 2597 641 2662 gratiae
659 2597 693 2648 Ν
712 2597 764 2648 386
776 2593 815 2648 9*,
828 2593 879 2648 499
969 2625 1006 2638 --
1024 2605 1124 2650 4004040
1142 2603 1184 2652 004
1200 2599 1254 2652 000
1270 2605 1387 2662 0000040,
1406 2602 1503 2666 quanta
1516 2607 1555 2654 004
1590 2601 1790 2664 comprehendit
1802 2603 1866 2654 0000
1883 2603 1980 2668 omnia,
1993 2607 2101 2654 renovat
2114 2599 2227 2654 animani

242 2689 261 2738 i.
275 2687 298 2750 3,
315 2685 339 2738 4.
352 2685 403 2738 493
417 2685 455 2738 4*.
469 2685 520 2738 494
533 2683 571 2738 6*.
590 2685 641 2738 498
659 2683 688 2752 0,
705 2685 722 2738 4.
741 2687 765 2738 9.
784 2683 836 2738 430
849 2681 880 2736 3*
917 2687 999 2750 gratie
1019 2687 1053 2738 Ν
1072 2687 1123 2738 386
1142 2687 1159 2738 0
1177 2715 1214 2726 -
1232 2691 1260 2740 04
1271 2687 1434 2752 displicentia
1447 2689 1554 2740 rationis
1590 2687 1624 2740 Ν
1642 2687 1694 2740 433
1714 2689 1741 2741 d.
1760 2687 1823 2742 l-
1835 2691 1904 2744 delet
1923 2691 2043 2756 culpam,
2055 2691 2079 2740 40
2100 2695 2228 2756 quantum

241 2803 278 2818 -·
296 2777 375 2828 Dolor
393 2777 425 2828 de
452 2775 526 2840 culpa
551 2779 580 2828 ul
597 2775 643 2828 Dei
671 2775 797 2826 00000400
827 2787 878 2826 000
916 2781 1081 2828 mensuratur
1100 2777 1245 2830 secondum
1260 2777 1431 2844 00004004οπ4
1443 2777 1555 2830 004440440
1589 2789 1637 2842 per
1656 2791 1734 2828 usum
1754 2777 1826 2830 liberi
1847 2777 1943 2830 arbitrii
1958 2759 2227 2844 praeparatadultum

242 2869 281 2918 004
299 2867 355 2918 0400
375 2867 458 2930 gratia
476 2865 557 2930 gratis
575 2863 635 2916 data
654 2863 673 2916 ll
695 2861 744 2916 477
764 2879 777 2916 0
915 2865 948 2918 Ν
967 2865 1019 2918 387
1037 2865 1110 2918 b-
1130 2867 1206 2920 00400
1230 2867 1359 2918 0000404140
1387 2879 1439 2918 000
1466 2879 1554 2918 conse·
1589 2865 1624 2918 ad
1640 2867 1798 2918 inlusionem
1817 2867 1916 2930 gratiae
1932 2867 1966 2918 Ν
1982 2867 2031 2918 386
2047 2863 2073 2916 9*
2085 2893 2122 2906 -·
2134 2875 2227 2918 nature

294 2983 330 2992 -
347 2961 473 3008 0040000
493 2959 581 3020 actus,
601 2953 629 3004 40
655 2959 781 3020 quantum
802 2953 879 3018 plura
914 2953 1004 3020 quitur
1029 2969 1154 3018 04000040,
1176 2955 1221 3008 000
1250 2955 1411 3008 allectionem
1431 2965 1454 3008 et
1478 2969 1555 3020 expe·
1589 2955 1721 3018 praecedit
1740 2957 1837 3020 peccati
1857 2955 2036 3020 expulsionem
2049 2955 2079 3008 Ν
2096 2953 2227 3008 4980-

239 3043 401 3108 0004044000
420 3057 471 3094 000
491 3043 588 3094 0044000
608 3041 642 3094 Ν
659 3041 706 3092 334
725 3041 755 3092 3*
772 3043 879 3094 -14004
913 3045 1075 3096 rimenlalem
1094 3043 1268 3106 cognitionem
1288 3041 1392 3094 divinae
1410 3043 1554 3096 dilectionis
1589 3057 1639 3094 uon
1659 3045 1770 3096 estsine
1791 3045 1968 3098 4004400044000
1988 3057 2068 3096 0000
2097 3057 2226 3098 00000000

240 3131 357 3184 sitectus
371 3131 543 3194 successivus,
558 3133 607 3180 tola
622 3135 647 3180 et
662 3127 741 3180 simul
761 3131 879 3194 procedit
915 3129 975 3184 4040.
1535 3157 1544 3166 ·-
1587 3129 1622 3182 Ν
1640 3129 1692 3182 494
1709 3145 1726 3182 0

239 3221 354 3284 agretia
374 3217 499 3272 04440000
518 3215 625 3270 arbitrio
643 3213 721 3268 404*
741 3245 775 3254 --
794 3217 879 3284 Quan-
967 3247 1002 3256 —-
1024 3221 1160 3272 Peccatum
1190 3217 1266 3270 debet
1294 3217 1432 3282 displicere
1458 3219 1552 3272 rationi
1640 3223 1728 3270 —est
1746 3221 2076 3273 resinleriorSacrameuti
2096 3223 2227 3284 poeniten-

239 3315 294 3360 tum
319 3305 542 3358 adcurationem
569 3309 607 3356 est
632 3305 779 3358 successiva
809 3301 876 3358 loa
913 3307 1098 3370 superomnia
1124 3305 1157 3358 Ν
1178 3307 1227 3358 388
1248 3321 1262 3356 a
1280 3309 1362 3356 —ln
1381 3319 1443 3358 casu
1461 3321 1550 3358 necee-
1588 3307 1637 3358 tiae
1662 3307 1694 3356 Ν
1718 3305 1768 3358 474
1795 3305 1829 3370 9*,
1856 3305 1890 3358 4*.
1912 3307 1956 3360 uel
1988 3323 2010 3374 a,
2036 3293 2113 3358 9*-4*.
2138 3307 2226 3360 clue

238 3395 348 3446 —eius
365 3407 422 3446 esse
443 3397 470 3446 04
488 3399 563 3448 00400
580 3397 619 3446 004
637 3395 662 3444 40
680 3395 782 3446 40040044
803 3389 873 3458 idid,
912 3395 994 3448 sitatis
1017 3395 1200 3460 praeeligenda
1229 3399 1267 3446 est
1285 3395 1371 3446 omnis
1399 3407 1552 3460 00000040
1589 3425 1623 3432 -
1640 3405 1680 3446 004
1697 3395 1759 3448 44400
1783 3397 1809 3446 40
1833 3397 1997 3462 poenitentia,
2026 3397 2098 3462 quod
2118 3401 2224 3460 0000040

239 3485 258 3536 4.
278 3485 291 3536 3
312 3511 346 3524 ...
364 3485 391 3534 in
409 3481 464 3534 lieri
483 3481 573 3548 quoad
590 3481 816 3546 praeparationem
836 3491 880 3534 004
912 3485 1083 3536 satisfactione
1103 3485 1200 3548 peccati
1220 3485 1351 3548 praeteriti
1370 3481 1431 3536 40444.
1451 3485 1502 3536 389
1522 3481 1552 3534 4*
1587 3483 1716 3548 depurgat
1739 3483 1771 3536 Ν
1802 3485 1851 3536 383
1872 3485 1888 3536 f.
1920 3485 1989 3536 9-
2006 3485 2148 3548 respondet
2177 3499 2226 3550 per

237 3573 395 3636 successiva,
404 3571 452 3624 sed
462 3569 733 3636 quoadinductionem
743 3569 877 3622 formeelit
911 3601 948 3614 -
965 3573 1095 3626 Dubitabo
1115 3577 1139 3624 el
1156 3575 1235 3624 timor
1254 3573 1377 3626 naturalis
1403 3571 1437 3626 00
1465 3573 1552 3638 040044-
1586 3573 1825 3636 appropriationem
1853 3581 1958 3638 0000040
1982 3573 2081 3638 004040,
2107 3573 2153 3626 000
2173 3587 2224 3626 000

239 3663 265 3714 in
277 3661 381 3712 instanti
394 3657 594 3712 400-00004
605 3659 803 3722 04000014400040
818 3671 876 3710 000·
911 3663 995 3716 centia
1013 3675 1116 3714 summa
1133 3665 1182 3714 stat
1201 3675 1261 3712 0040
1290 3661 1393 3714 caritate
1412 3661 1446 3712 Ν
1464 3661 1515 3712 388
1535 3677 1551 3714 0
1574 3661 1682 3712 suflicit
1706 3659 1758 3712 sola
1789 3659 1819 3712 00
1844 3659 1984 3712 004000004
2009 3663 2045 3714 Ν
2069 3660 2121 3714 397
2150 3663 2177 3716 0.
2198 3663 2226 3716 9.
2273 3667 2277 3674 ’

237 3749 342 3818 40041040
361 3749 387 3800 40
406 3747 539 3812 subiecto,
561 3745 698 3800 00000140
716 3747 876 3818 400004004-
911 3779 949 3788 -
976 3751 1004 3802 40
1031 3751 1193 3802 consessione
1228 3763 1363 3816 nunquam
1392 3749 1552 3816 interrogan-
1587 3749 1638 3800 460
1659 3747 1686 3800 4*
1703 3777 1740 3788 -
1757 3747 1887 3802 Contritus
1907 3749 1985 3802 00004
1996 3751 2186 3802 000400040οθοι
2198 3755 2226 3804 04

237 3843 345 3890 stentem
366 3835 509 3890 inductioni
526 3835 583 3886 eius
601 3833 636 3890 t'b.
656 3833 687 3888 5*
704 3837 876 3890 -0000440-
911 3839 975 3892 0004
1010 3839 1042 3890 00
1073 3837 1236 3902 displicentia
1266 3851 1370 3890 summa
1400 3845 1551 3902 comparate
1586 3837 1786 3890 satisfactionem
1812 3839 1839 3890 40
1869 3841 2002 3902 proposito
2029 3839 2061 3890 Ν
2081 3839 2132 3890 397
2153 3839 2178 3892 0.
2198 3839 2224 3890 4.

238 3925 340 3992 peditur
358 3941 406 3990 000
425 3927 581 3990 pronitatem
599 3921 660 3976 t'bc'd.
911 3927 944 3980 ad
977 3927 1125 3980 abelmala
1154 3923 1215 3980 ibid.
1247 3953 1281 3966 ··-
1314 3927 1474 3990 displicentia
1509 3941 1551 3978 ra·
1586 3925 1633 3978 584
1659 3923 1687 3978 4*
1703 3953 1740 3966 -
1758 3927 1817 3978 40044
1835 3929 1940 3980 vincere
1960 3927 2145 3980 verecundiam
2165 3941 2223 3980 con·

289 4043 325 4054 -
343 4009 491 4068 necessaria
509 4017 547 4064 est
566 4013 803 4082 iniustificalione‚
823 4023 878 4080 qua·
912 4017 989 4068 tionis
1007 4029 1058 4066 000
1076 4013 1155 4066 00004
1174 4029 1231 4066 0000
1250 4015 1364 4066 maxima
1377 4021 1503 4080 quantum
1514 4015 1550 4066 ad
1586 4015 1704 4066 fessionis
1724 4015 1755 4066 Ν
1776 4013 1825 4066 448
1847 4015 1872 4066 d
1891 4017 1908 4066 9
1927 4043 1959 4054 -
1989 4023 2028 4066 004
2054 4015 2223 4068 satisfactoria

236 4103 348 4158 liberum
368 4102 505 4156 arbitrium
523 4103 772 4166 concordetgratiae
791 4101 876 4166 04004·
911 4105 1080 4158 intensionem
1100 4109 1189 4156 moins
1212 4103 1339 4166 absolute,
1367 4101 1413 4154 sed
1433 4103 1457 4154 in
1478 4115 1551 4154 rom·
1586 4103 1686 4156 ratione
1703 4103 1802 4154 doloris
1814 4103 1944 4156 sensibilis
1963 4105 2093 4156 coniuncti
2119 4103 2151 4154 Ν
2171 4103 2228 4154 397Ι

237 4193 297 4246 40044
318 4199 453 4260 peccatum
472 4191 506 4242 Ν
525 4187 577 4242 499
596 4187 622 4242 b.
642 4187 693 4240 498
712 4189 732 4238 4.
752 4191 774 4242 9.
794 4189 876 4242 5500
911 4197 1045 4260 paratione
1064 4193 1095 4246 ad
1115 4205 1205 4244 omnes
1224 4193 1287 4244 ulios
1307 4191 1410 4244 dolores
1429 4189 1462 4244 iti.
1485 4191 1550 4244 h-
1586 4191 1614 4244 d.
1632 4193 1647 4244 9
1668 4201 1740 4246 -et
1758 4191 1872 4256 gemitus
1889 4191 1978 4244 cordis
1995 4193 2055 4256 plus
2073 4193 2223 4258 frequenter
2254 4193 2256 4198 ’

236 4281 369 4334 -debet
387 4279 545 4346 praecedere
569 4285 642 4332 actus
665 4279 774 4330 aliarum
792 4279 876 4330 virtu·
910 4283 966 4334 Non
986 4287 1024 4334 004
1043 4295 1149 4334 necesse
1169 4281 1254 4346 magis
1281 4279 1371 4332 dolere
1389 4279 1423 4330 de
1442 4283 1549 4344 peccalo
1586 4279 1704 4334 medetur
1724 4285 1749 4334 et
1760 4289 1865 4346 reparat
1880 4283 1995 4332 00404040
2006 4295 2087 4348 quam
2102 4281 2222 4334 diuturna

237 4381 291 4424 4004
312 4369 413 4424 444499
434 4371 450 4422 f.
479 4369 505 4420 9.
532 4365 584 4418 493
602 4365 640 4432 3*,
659 4365 812 4420 4*-000
835 4373 876 4420 004
911 4371 1044 4438 quamde
1071 4385 1098 4422 re
1128 4369 1272 4434 temporali,
1293 4375 1421 4434 quantum
1439 4367 1473 4418 ad
1493 4381 1550 4432 pas·
1586 4383 1670 4434 00000
1697 4371 1808 4422 exterior
1835 4369 1868 4420 Ν
1887 4367 1933 4420 531
1962 4385 1977 4422 0
2003 4395 2041 4408 --
2063 4371 2140 4422 044400
2170 4383 2221 4422 000
2252 4381 2255 4388 “

236 4461 381 4514 necessaria
408 4463 438 4512 ut
469 4469 531 4522 pers
565 4457 737 4520 sacramenti,
767 4457 814 4508 sed
845 4463 874 4508 ut
910 4461 1011 4512 sionem
1029 4457 1179 4510 sensibilem
1198 4455 1232 4508 Ν
1251 4455 1302 4508 387
1320 4455 1338 4508 0
1359 4483 1391 4492 -
1411 4455 1549 4520 040040410-
1584 4457 1653 4508 valet
1673 4471 1720 4522 pro
1739 4457 1818 4510 altero
1836 4455 1869 4512 ii.
1889 4453 1928 4524 3*,
1949 4457 1986 4510 4*.
2004 4457 2094 4508 5400
2233 4473 2234 4476 ’

236 4553 310 4602 00400
327 4547 429 4600 04040440
448 4543 553 4598 tutti
572 4541 648 4596 6*-
665 4545 873 4610 magisrespiclt
910 4547 963 4600 lere
982 4547 1136 4598 sensibiliter
1154 4545 1188 4598 de
1200 4551 1308 4610 peccato
1321 4557 1401 4610 quam
1415 4545 1446 4596 00
1460 4545 1548 4610 aliquo
1586 4591 1587 4594 ,
1637 4573 1674 4586 -
1691 4557 1743 4598 000
1761 4551 1801 4598 004
1818 4547 1931 4598 40004400
1948 4547 2225 4610 virtulispersemed
2329 4569 2331 4572 ·

237 4635 419 4700 poeniteutiam
440 4637 467 4686 ul
492 4635 615 4684 virtulem
639 4645 718 4698 quam
740 4639 767 4686 ul
785 4633 873 4684 Sacra·
911 4637 1008 4688 damno
1025 4643 1065 4688 est
1085 4635 1249 4700 perfectiouis
1276 4641 1302 4686 et
1320 4645 1477 4700 congruum,
1496 4647 1547 4684 non
1584 4635 1683 4687 ratione
1710 4635 1812 4700 gratiae
1836 4637 1989 4688 coniunctae
2014 4634 2049 4686 Ν
2068 4635 2119 4688 395
2139 4631 2221 4686 9*-

237 4729 363 4790 mentum,
374 4723 494 4774 04040004
504 4721 534 4772 de
546 4721 602 4784 lege
614 4721 766 4774 004000οΝ
779 4719 830 4772 436
842 4719 873 4772 5*
899 4725 1086 4776 000000004040
1105 4719 1166 4776 told.
1585 4723 1612 4774 ln
1631 4725 1784 4776 contritione
1803 4723 1979 4790 principaliter
1990 4729 2114 4788 operatur
2132 4723 2220 4776 040400
2243 4771 2244 4774 ,

287 4841 324 4854 -
342 4813 511 4876 Praeceptum
529 4811 690 4862 contritionis
707 4811 872 4862 estollirma·
961 4825 998 4850 ’-
1016 4818 1056 4865 004
1073 4811 1148 4862 00100
1176 4809 1320 4874 0044000140,
1339 4811 1384 4876 004
1412 4811 1548 4874 consequi·
1583 4811 1759 4864 misericordie
1787 4811 1818 4862 Ν
1847 4811 1899 4864 304
1919 4809 1946 4862 9*
1970 4839 2004 4850 -
2024 4811 2050 4863 40
2069 4813 2222 4864 contritione

234 4903 328 4968 tivum,
347 4913 396 4952 nec
413 4899 594 4964 deblataim,
609 4897 873 4964 obligetadsemper
908 4905 951 4952 400
968 4901 1185 4952 existimationem
1202 4899 1309 4950 rationis
1325 4897 1361 4950 Ν
1379 4897 1431 4948 396
1449 4899 1467 4950 4.
1484 4895 1548 4948 4-
1583 4899 1721 4952 dimittitur
1748 4913 1830 4964 poena
1860 4905 1964 4952 aelerna
1982 4901 2015 4952 Ν
2036 4899 2086 4952 434
2106 4899 2132 4952 0.
2152 4899 2169 4952 7
2186 4927 2223 4938 ·-

232 4991 267 5044 IV
285 4991 336 5042 393
356 5003 371 5042 0
391 5015 425 5028 -
445 4987 521 5042 00004
539 5001 644 5052 semper
662 5001 719 5040 esse
732 4989 758 5038 in
771 4985 871 5052 babitu,
909 4989 1002 5054 Quoad
1033 4987 1221 5054 displicentiam
1250 4987 1356 5038 rationis
1379 4999 1431 5038 nou
1462 4991 1548 5048 004004
1583 4993 1622 5040 est
1639 4989 1716 5040 simul
1737 5001 1798 5040 cum
1817 4987 1969 5042 liberatione
1986 5003 2000 5040 a
2020 5003 2104 5054 00000
2117 4991 2220 5042 aeterna

233 5079 281 5132 sed
299 5081 325 5130 40
344 5083 402 5132 actu
422 5075 471 5142 pro
491 5073 585 5130 loco'el
605 5081 723 5138 tempore
737 5075 768 5130 40.
789 5075 818 5126 4*
835 5103 872 5116 --
908 5091 966 5130 0000
985 5089 1107 5130 excessus
1126 5075 1272 5142 quantitatis
1292 5075 1324 5128 IV
1344 5073 1395 5126 389
1411 5073 1437 5126 b.
1451 5075 1503 5126 393
1517 5071 1547 5126 5*
1583 5075 1616 5128 Ν
1634 5075 1686 5128 033
1699 5075 1717 5126 b
1730 5101 1764 5114 -··
1778 5077 1879 5138 04004444
1897 5059 1975 5150 044004
1988 5075 2109 5144 sequelae
2120 5083 2146 5128 et
2161 5089 2222 5142 pro-

234 5173 263 5222 ut
279 5181 341 5232 pars
360 5167 534 5232 poenitenliae
553 5165 873 5230 purgativaculpaeobli·
908 5195 945 5204 —
962 5173 1041 5230 prout
1065 5165 1170 5228 respicit
1196 5163 1344 5216 subiectum
1373 5163 1449 5216 ltabel
1477 5161 1547 5216 obie·
1583 5165 1674 5216 nitetes
1691 5165 1791 5228 0000044
1808 5165 1843 5214 Ν
1862 5163 1914 5216 395
1932 5159 1961 5212 3*

235 5261 278 5322 gat
306 5255 393 5308 solum
419 5255 513 5320 semel,
532 5255 579 5306 sed
604 5259 634 5306 ut
660 5255 873 5306 040400404οι4οο
909 5261 979 5306 ctum
1000 5255 1115 5318 linitum,
1133 5257 1158 5304 04
1177 5257 1264 5318 000004
1282 5251 1421 5316 excedere,
1434 5251 1480 5304 sed
1495 5263 1545 5302 000
1635 5249 1773 5304 00040004
1793 5279 1825 5288 -
1846 5251 1975 5304 iudicatur
1992 5253 2085 5318 aliquis
2110 5255 2135 5302 40
2160 5267 2233 5318 000-Ἰ

233 5345 388 5410 0010040440,
406 5345 452 5410 qul
470 5349 510 5396 est
527 5351 612 5408 poena
632 5341 873 5408 satisfactoria,im·
909 5349 990 5408 prout
1006 5345 1112 5408 00004044
1129 5351 1266 5406 peccatum
1286 5341 1383 5392 444330
1397 5339 1547 5390 9*-1)00-
1583 5347 1641 5394 4000
1661 5339 1764 5392 casibus
1784 5339 1815 5392 Ν
1835 5339 1885 5398 487
1912 5341 1983 5392 0-
2000 5347 2025 5394 04
2049 5339 2160 5394 rebelles
2177 5341 2222 5392 Ec·

233 5435 359 5498 petrativa
378 5435 512 5498 augmenti
529 5431 630 5496 gratiae
645 5437 672 5482 et
691 5429 796 5496 gloriae,
810 5431 873 5482 obli·
908 5433 993 5486 04040
1019 5431 1185 5484 sensualitate
1210 5431 1254 5480 0444
1278 5435 1323 5482 004
1349 5441 1484 5496 nunquam
1507 5434 1547 5480 est
1583 5429 1676 5480 clasiae
1699 5433 1809 5494 possunt
1826 5437 1853 5482 et
1876 5429 1973 5482 000004
1999 5431 2221 5482 excommunicari

233 5529 276 5588 gat
295 5533 400 5586 semper
419 5519 453 5574 40.
470 5519 501 5572 3*
518 5547 555 5558 -·-
572 5519 872 5584 utmedicinapraeser·
909 5523 989 5574 nimia
1008 5521 1035 5570 lll
1056 5517 1106 5572 349
1127 5517 1164 5570 4*.
1183 5519 1215 5570 Ν
1237 5517 1287 5570 390
1307 5531 1320 5570 0
1341 5545 1375 5554 -
1393 5517 1473 5570 Dolor
1491 5531 1546 5568 sen·
1582 5519 1615 5570 Ν
1634 5515 1686 5570 485
1703 5531 1719 5570 a
1739 5545 1773 5556 —
1793 5517 1970 5570 absolvendus
1992 5533 2005 5570 a
2026 5531 2135 5570 censura
2155 5519 2218 5586 quid

233 5611 320 5662 004400
338 5617 364 5662 04
385 5609 545 5660 meliorativa
565 5621 670 5672 semper
684 5607 814 5660 ’0000000
832 5613 872 5660 004
908 5609 991 5662 0404440
1010 5609 1106 5660 0404400
1124 5613 1191 5660 osset
1209 5605 1406 5670 temperandus,
1421 5619 1497 5656 secus
1510 5605 1547 5656 vi·
1583 5607 1677 5660 debeat
1695 5613 1827 5672 praestare
1847 5607 1878 5658 Ν
1900 5605 1950 5658 494
1970 5605 1998 5660 3*

233 5693 267 5750 ib.
287 5695 317 5748 4*
334 5723 369 5734 -
388 5709 439 5748 000
458 5711 565 5762 0040000
581 5703 621 5750 004
633 5699 776 5750 necessaria
791 5711 871 5762 quan·
906 5697 1014 5750 deretur
1033 5709 1083 5748 nou
1103 5697 1215 5758 amplius
1235 5707 1292 5746 esse
1311 5701 1383 5746 actus
1395 5695 1498 5746 virtutis
1510 5693 1545 5746 Ν
1634 5679 1849 5748 0004000044-
1867 5695 1939 5746 Stulti
1960 5709 1987 5746 se
2006 5697 2115 5748 miscent
2132 5699 2221 5748 00040-

233 5795 286 5838 4040
307 5783 338 5836 00
358 5787 485 5850 gemitum
505 5791 529 5838 et
548 5787 680 5850 planctum
693 5785 734 5836 vel
752 5783 870 5836 dolorem
908 5785 960 5838 390
973 5799 997 5846 0,
1011 5781 1048 5836 4*.
1063 5783 1114 5836 400
1126 5783 1152 5834 0.
1167 5783 1198 5834 40
1211 5771 1248 5822 ὲ-
1260 5795 1394 5858 00000004
1415 5781 1494 5836 00004
1505 5795 1545 5834 ex·
1583 5785 1668 5838 meliis
1685 5783 1704 5834 ll
1724 5785 1740 5836 5
1758 5783 1778 5840 b,
1795 5811 1829 5820 -
1849 5783 1977 5836 Creatoris
1994 5795 2046 5834 000
2071 5783 2150 5834 solvit
2167 5797 2220 5834 ma·

233 5873 382 5928 sensibilem
400 5869 435 5924 id.
454 5871 483 5924 5*
502 5901 537 5912 -
557 5873 699 5926 040000000
718 5873 753 5926 00
776 5873 871 5938 imper·
908 5873 1013 5926 cludere
1033 5871 1158 5936 gaudium
1179 5871 1275 5936 00000
1295 5869 1546 5924 00444004443904*
1582 5863 1733 5926 trintonium
1751 5881 1836 5922 ratum
1858 5869 1889 5922 Ν
1910 5869 1955 5922 844
1982 5869 2017 5936 4*,
2039 5869 2067 5924 3*

233 5963 305 6016 400440
323 5957 384 6014 idid.
608 6031 609 6034 Ἴ
651 5973 652 5976 ’
906 5991 943 6000 -
961 5961 1083 6012 Dolores
1103 5957 1545 6026 gaudtoadtunrtoquodammodo
1634 5957 1818 6014 Conveniam
1838 5987 1872 5996 -
1890 5965 1930 6012 est
1948 5961 2220 6026 relatioaequipatan·

285 6043 870 6116 -debetpraecederebaptismumlnadulm,
907 6051 1063 6114 intenditur,
1081 6047 1280 6116 quodammodo
1299 6049 1432 6114 mitigatur
1445 6047 1480 6100 Ν
1493 6047 1544 6098 388
1581 6053 1638 6114 4400,
1658 6055 1683 6100 04
1700 6061 1769 6114 quae
1789 6049 1854 6100 banc
1880 6047 2058 6100 habitudinem
2078 6051 2220 6112 important

233 6141 277 6208 qui
290 6139 370 6192 00004
383 6137 491 6190 mortale
502 6135 536 6188 Ν
551 6137 600 6188 405
614 6137 680 6190 0-
693 6141 805 6202 00040040
820 6153 870 6192 000
911 6137 938 6192 4*
955 6165 993 6178 --
1010 6139 1088 6190 Dolor
1107 6137 1241 6204 mitigatur
1264 6151 1312 6200 per
1329 6151 1405 6202 spem
1424 6139 1449 6188 40
1470 6137 1545 6188 04400·
1581 6137 1730 6190 conversim
1748 6135 1870 6192 dicuntur
1889 6137 1897 6188 l
1918 6135 1969 6188 350
1988 6135 2025 6188 0*.
2045 6135 2097 6188 537
2115 6137 2132 6186 4.
2152 6137 2167 6188 9
2182 6163 2219 6176 -

233 6233 272 6282 est
289 6227 435 6280 necessaria
452 6235 511 6278 ante
527 6221 690 6290 baptismum
701 6225 737 6278 Ν
752 6227 801 6278 404
815 6227 866 6280 dl
907 6227 1047 6280 4400004004
1075 6225 1134 6290 Dei,
1154 6227 1201 6278 sed
1228 6227 1288 6292 quia
1316 6227 1440 6278 00040444ιο
1466 6223 1498 6276 00
1516 6239 1545 6274 00
1580 6227 1620 6276 004
1637 6221 1749 6290 ordinis,
1769 6227 1809 6278 004
1829 6225 2090 6278 commensurationis
2108 6237 2154 6276 seu
2178 6223 2219 6276 04-

233 6317 354 6368 -00004
370 6315 525 6382 0000000000
540 6313 869 6380 000400040004000004004
907 6331 957 6370 000
978 6321 1078 6380 sperat,
1099 6317 1133 6368 ita
1162 6329 1190 6368 se
1209 6315 1313 6380 aflligit,
1332 6329 1365 6368 ac
1390 6317 1413 6368 04
1436 6313 1545 6366 0400400
1581 6295 1685 6376 gnitatis
1704 6315 1733 6366 lll
1754 6315 1781 6364 ll
1805 6311 1842 6364 4*.
1865 6313 1894 6362 48
1916 6311 1942 6364 4*
1961 6339 1996 6350 -
2014 6317 2220 6366 04004004οη00-

233 6404 266 6458 00
284 6405 480 6458 detestationem
501 6403 608 6470 peccati,
622 6415 672 6454 non
683 6397 815 6468 'quantum
834 6405 875 6456 ad·
908 6405 1063 6470 perdidisset
1080 6401 1116 6458 io.
1134 6401 1164 6456 9*
1182 6419 1184 6422 ·
1460 6415 1464 6428 ·
1581 6401 1693 6468 00440040,
1711 6401 1752 6454 001
1766 6401 1969 6468 participationis
1982 6401 2091 6452 alicuius
2102 6413 2218 6452 commu·

234 6495 444 6546 informationem
461 6495 561 6558 gratiae
579 6493 612 6546 Ν
632 6489 684 6544 447
703 6487 732 6542 3*
752 6519 786 6528 —-
804 6489 870 6542 Cori·
959 6498 1042 6545 —ut
1070 6491 1161 6544 delens
1187 6493 1293 6556 colpam
1310 6493 1336 6542 40
1356 6491 1456 6542 40040044
1486 6493 1544 6542 actu
1581 6491 1635 6556 040,
1658 6489 1698 6542 001
1724 6487 1983 6560 proportionalitatis,
2006 6490 2049 6542 004
2078 6489 2176 6542 0004040
2197 6488 2218 6540 41

233 6581 310 6634 400040
328 6595 380 6634 000
399 6583 486 6644 004040
508 6583 585 6634 eflicit
611 6581 801 6646 contritionem,
821 6579 869 6632 000
908 6593 958 6632 000
979 6587 1063 6644 potest
1081 6581 1180 6634 babere
1205 6579 1332 6632 ordinem
1345 6575 1490 6646 secundum
1507 6575 1545 6628 di·
1582 6577 1632 6630 334
1653 6577 1677 6632 b.
1696 6581 1726 6632 lll
1745 6577 1797 6630 305
1815 6575 1845 6630 3*
1862 6605 1899 6616 --
1916 6577 2063 6646 aliquorum
2077 6581 2115 6628 est
2132 6589 2219 6630 esseu-

233 6671 312 6734 augel
329 6669 363 6722 Ν
382 6669 434 6722 068
451 6667 480 6720 4*
504 6697 540 6708 -
563 6667 694 6722 Gontrltus
715 6683 765 6722 uon
792 6665 870 6720 debet
906 6681 1011 6720 versam
1031 6671 1186 6734 gravitatem
1211 6673 1393 6732 peccatorum,
1414 6663 1492 6718 babet
1510 6671 1545 6716 ta·
1581 6666 1662 6734 440140,
1681 6668 1723 6720 004
1749 6667 1870 6732 originis,
1889 6679 1939 6734 qua
1970 6665 2062 6720 eodem
2091 6665 2218 6716 0400000

233 6759 355 6812 00000000
374 6759 407 6812 00
421 6761 633 6812 communionem
651 6763 710 6810 ante
729 6755 870 6812 confessio·
906 6769 966 6806 4000
996 6757 1116 6808 00040040
1144 6755 1290 6810 secundum
1323 6751 1455 6818 habiturn,
1484 6755 1544 6820 cuia
1581 6755 1677 6806 000004
1694 6755 1729 6808 00
1747 6754 1853 6822 aliquod
1874 6753 2084 6820 producendum,
2103 6751 2145 6802 004
2165 6765 2217 6818 000

233 6857 292 6896 nem
312 6847 360 6896 nisi
380 6847 403 6896 in
425 6845 575 6900 necessitate
594 6847 633 6902 Ν
647 6845 699 6900 404
717 6847 744 6900 0.
764 6845 798 6898 49
907 6845 993 6908 magis
1009 6843 1125 6908 disponit
1142 6845 1177 6896 ad
1194 6839 1376 6896 detestandum
1394 6841 1551 6920 40040004οῥ
1581 6843 1634 6896 000
1655 6843 1687 6896 00
1707 6843 1801 6896 000004
1819 6843 1992 6908 0000000044
2012 6839 2062 6894 903
2084 6837 2120 6908 9*,
2141 6837 2217 6892 3*-
