5784 8384
357 595 422 662 308
845 583 849 596 ¹
1181 595 1295 662 lNlJEX
1320 595 1511 662 SECUNDUS

646 685 705 736 REI.
2006 687 2064 738 4484.

358 773 573 836 compositionem
595 775 618 824 in
640 773 996 836 personasecundnmrem,
1035 771 1113 836 gendi
1134 773 1142 822 l
1164 769 1214 822 468
1232 771 1250 822 b
1270 799 1303 810 -
1323 771 1455 824 Habiiudo
1474 785 1525 824 nnn
1544 779 1584 824 est
1607 775 1671 826 ratio
1762 801 1798 812 -
1817 775 1869 826 lieo
1890 781 1974 840 potest
1993 775 2117 828 advenire
2132 789 2199 828 nora
2212 777 2301 830 relatio
2315 775 2346 828 ad

358 861 404 912 sed
423 861 612 914 distinctionem
631 861 729 914 realem
747 857 782 910 ab
800 859 996 924 aliapersonal
1035 861 1158 924 originis,
1177 859 1224 910 sed
1243 859 1300 910 viee
1320 861 1423 910 tersal
1452 859 1500 910 466
1521 861 1545 912 b.
1574 857 1623 912 476
1644 859 1671 912 4*
1709 867 1853 914 creaturam
1880 863 1934 914 sine
1960 863 2100 914 mutatione
2126 865 2164 914 sui
2198 865 2204 914 4
2232 865 2280 914 458
2311 861 2346 916 4*.

356 951 432 1002 5884
454 945 996 1014 -444046444404444444404444444044-
1034 945 1364 998 -Haottuaosecundun
1376 949 1503 998 rationem
1516 948 1670 1012 intelligendi
1710 949 1760 1000 483
1779 949 1804 1000 6.
1825 951 1839 1002 3
1858 951 2176 1002 -464444444444404
2199 951 2346 1014 40444444·
2414 1011 2419 1020 ¹

357 1039 450 1088 lectum
470 1033 996 1100 nonlacitcompositionom,seddistin-
1034 1035 1201 1100 consequitur
1220 1037 1305 1098 ipsum
1328 1037 1370 1102 qui
1391 1037 1500 1088 reiertor
1525 1035 1635 1088 44584
1709 1037 1831 1088 tationem
1849 1039 1875 1090 in
1896 1037 1962 1104 Deo,
1982 1037 2029 1090 sed
2060 1043 2158 1090 tantum
2184 1039 2209 1090 iu
2228 1043 2345 1090 ereatura

356 1125 467 1176 ctionem
486 1131 606 1188 respectu
625 1127 700 1178 cuius
720 1133 757 1176 est
777 1123 784 1172 l
805 1123 856 1176 573
875 1137 939 1174 a·-
959 1137 995 1174 se·
1087 1151 1121 1160 -
1142 1123 1341 1188 despectivam,
1360 1125 1385 1174 in
1405 1131 1531 1188 44444444
1550 1123 1611 1174 dicit
1625 1125 1671 1176 ori·
1710 1123 1716 1172 l
1737 1123 1786 1174 453
1808 1123 1845 1176 4*.
1865 1127 1915 1176 464
1937 1141 1950 1176 4
1970 1141 2010 1194 sq.
2034 1123 2094 1178 Viae
2118 1125 2148 1178 V.
2168 1125 2241 1180 Dens
2261 1121 2312 1180 59.

356 1213 472 1266 candum
491 1211 618 1278 originem
649 1213 792 1266 naturalem
821 1211 879 1264 iacit
908 1209 996 1260 distin·
1035 1211 1137 1276 ginem,
1160 1209 1203 1262 dat
1222 1213 1341 1274 personis
1358 1225 1416 1262 esse
1436 1209 1670 1262 44404444444458
1762 1239 1795 1250 -
1817 1211 1941 1264 delationi
1963 1213 2123 1278 significatae
2150 1221 2271 1278 respectu
2297 1215 2346 1266 exi·

356 1301 467 1352 ctionem
486 1305 511 1352 et
540 1303 672 1362 ordinem,
698 1313 748 1354 non
779 1297 994 1364 compositionem
1037 1295 1064 1350 4*
1084 1325 1116 1338 --
1137 1305 1164 1350 ut
1182 1297 1308 1352 4444444460
1329 1299 1388 1350 iacit
1406 1301 1567 1352 innotescere
1587 1299 1672 1350 distin·
1709 1299 1795 1350 stantis
1815 1301 1917 1352 444444
1943 1301 2084 1366 respondet
2102 1317 2182 1354 verus
2211 1307 2344 1366 respectas

356 1389 621 1454 necdependentiarn
641 1389 650 1440 l
668 1387 996 1450 5456-64444444440
1034 1387 1145 1440 ctionem
1165 1401 1338 1452 personarum
1357 1383 1393 1440 ib.
1418 1401 1448 1452 a,
1474 1385 1502 1438 4*
1526 1415 1560 1426 «-
1586 1389 1610 1438 44
1638 1389 1671 1440 di·
1709 1387 1731 1436 in
1753 1391 1961 1452 aetu‚rospectu
1980 1389 2111 1440 existentis
2131 1391 2155 1440 in
2177 1391 2287 1454 potentia
2310 1403 2345 1440 re-

357 1477 467 1530 reiertur
485 1477 519 1528 ad
538 1479 646 1540 Filium,
665 1479 726 1542 quia
752 1481 792 1524 est
815 1487 862 1528 sua
885 1475 997 1536 paterni·
1034 1475 1102 1526 vinis
1119 1473 1182 1526 clani
1200 1475 1320 1538 personis
1339 1475 1447 1526 existere
1472 1475 1480 1524 4
1495 1475 1505 1524 i
1514 1473 1545 1526 45
1570 1475 1594 1526 d.
1608 1473 1624 1526 4
1639 1503 1671 1514 -
1709 1473 1821 1536 spondet
1838 1483 1973 1540 respectus
1991 1479 2016 1526 in
2031 1479 2157 1542 potentia,
2171 1479 2294 1538 tundalus
2308 1491 2347 1530 su·

359 1570 396 1617 tas
416 1569 423 1618 l
444 1565 494 1618 453
515 1563 544 1616 6*
1035 1563 1176 1626 personalis
1196 1563 1240 1614 dat
1259 1575 1386 1626 personae
1404 1563 1512 1614 existere
1531 1563 1539 1614 4
1559 1563 1608 1616 458
1636 1559 1670 1614 4*.
1710 1575 1757 1626 444
1775 1575 1822 1614 eos
1841 1565 1864 1614 in
1887 1567 1999 1628 potentia
2019 1565 2025 1614 4
2045 1563 2096 1616 763
2125 1563 2159 1616 4*.
2189 1567 2239 1616 768
2271 1565 2286 1616 44
2312 1591 2346 1604 -

410 1683 443 1692 -
464 1655 561 1706 ratione
581 1651 784 1716 comparationis
802 1653 837 1702 ad
863 1647 996 1702 obiectam
1035 1649 1086 1702 566
1106 1649 1134 1700 4*
1154 1677 1187 1688 -
1201 1665 1250 1700 404
1265 1657 1362 1704 4441444
1377 1659 1437 1702 sunt
1451 1653 1516 1702 ratio
1536 1651 1672 1714 referendi,
1709 1649 1815 1702 actualis
1835 1653 1904 1714 ponit
1919 1657 2061 1718 utrumque
2075 1661 2218 1704 4444444444
2234 1655 2259 1704 40
2278 1665 2346 1716 4444,

357 1741 472 1806 nondam
491 1743 571 1794 modo
593 1741 676 1792 diiiert
695 1757 708 1792 4
730 1751 843 1804 persona
869 1739 875 1788 l
903 1737 954 1788 573
982 1723 998 1788 a
1034 1737 1080 1790 sed
1100 1741 1176 1790 etiam
1196 1737 1320 1791 existendi
1342 1740 1347 1787 4
1367 1737 1418 1790 374
1433 1755 1490 1802 444.
1519 1741 1533 1790 3
1560 1737 1621 1790 Vide
1644 1737 1671 1790 V.
1710 1751 1759 1788 non
1779 1747 1865 1790 autem
1886 1737 2023 1792 harbitnalis
2047 1741 2054 1790 l
2079 1741 2130 1800 346
2155 1739 2193 1794 3*.
2213 1741 2312 1794 5476.
2331 1741 2340 1792 4

356 1857 391 1868 -
412 1843 461 1882 44044
482 1829 565 1882 ditiert
586 1845 599 1880 a
620 1843 730 1890 persona
751 1831 851 1880 tantum
869 1827 950 1878 modo
965 1827 996 1878 lo·
1034 1827 1198 1896 Proprietas.
1715 1823 1776 1878 Vide
1800 1827 1828 1878 V.
1846 1827 1917 1880 444444
1937 1825 1987 1884 59.
2249 1885 2250 1888 ,

358 1917 453 1984 quendi
474 1915 505 1970 id.
528 1917 555 1968 4*
1088 1941 1122 1954 -
1143 1917 1167 1966 44
1187 1917 1311 1968 relatione
1332 1917 1476 1968 secundum
1503 1931 1530 1968 se
1559 1929 1608 1968 non
1635 1923 1673 1968 est
1763 1941 1796 1954 -
1816 1917 1977 1970 increatum
1998 1925 2036 1970 est
2055 1925 2190 1982 respectus
2212 1919 2286 1970 realis
2313 1917 2344 1968 ad

411 2033 444 2046 -
458 2005 590 2060 Habiludo
599 2007 622 2058 in
635 2005 731 2058 divinis
741 2005 826 2058 solum
842 2007 914 2072 ponit
927 2017 998 2056 4044-
1035 2007 1109 2070 origo
1129 2007 1154 2056 in
1174 2003 1296 2056 divinisl
1319 2005 1367 2056 446
1388 2019 1445 2068 444.
1465 2007 1488 2056 4.
1511 2003 1557 2054 tea
1580 2019 1593 2054 a
1712 2003 1791 2056 444444
1813 2005 1819 2056 i
1840 2005 1892 2058 545
1910 2007 1928 2056 4.
1950 2007 1971 2056 t.
1992 2005 2042 2058 546
2063 2021 2085 2070 4,
2099 2005 2203 2058 6*.547
2216 2007 2243 2060 6.
2258 2007 2281 2058 l.
2294 2005 2344 2058 666

357 2097 516 2160 parationem
538 2103 561 2148 et
580 2097 766 2148 connexionem
795 2095 851 2148 sine
876 2091 926 2144 44444
956 2093 997 2146 de·
1089 2119 1122 2130 -
1143 2087 1203 2146 iacit
1220 2093 1408 2144 distinctionem
1430 2093 1458 2144 ill
1478 2091 1527 2142 436
1547 2107 1560 2142 4
1584 2091 1673 2142 -di·
1712 2089 1746 2142 4*.
1766 2091 1792 2143 444
1817 2091 1846 2142 46
1869 2091 1895 2142 4*
1917 2091 1979 2146 Viae
2004 2093 2031 2144 V.
2052 2093 2346 2162 ereatura-respectus

357 2185 494 2250 pendentia
516 2187 523 2236 l
544 2181 998 2246 3735*-inlleoproptersum-
1036 2183 1143 2246 stinguit
1161 2183 1185 2232 in
1216 2181 1311 2234 divinis
1339 2181 1347 2232 l
1376 2179 1426 2232 447
1458 2179 1483 2230 l*
1514 2207 1548 2220 -
1577 2179 1671 2244 Omne,
1709 2177 1746 2232 446
1763 2179 1855 2232 Deum.

356 2287 426 2324 mam
446 2273 636 2336 simplicitatem
652 2287 701 2324 non
717 2271 779 2324 dicit
797 2269 996 2338 dependendam
1036 2271 1107 2336 quod
1127 2271 1221 2322 dicitur
1238 2269 1384 2322 secundum
1402 2270 1565 2328 relationem,
1579 2271 1673 2334 impar·
1763 2297 1796 2306 -
1818 2283 1867 2320 non
1888 2275 1972 2334 potest
1991 2271 2045 2322 6444
2060 2271 2091 2322 46
2107 2283 2202 2324 nomen
2218 2271 2344 2322 adiective

356 2361 434 2413 4456
454 2375 480 2426 4,
498 2357 535 2412 4*,
555 2361 606 2412 458
627 2357 655 2410 4*
674 2389 708 2400 -
736 2361 760 2412 io
782 2357 877 2412 divinis
907 2361 998 2412 640444
1037 2365 1120 2422 portat
1142 2359 1332 2410 distinctionem
1352 2357 1385 2410 de
1404 2371 1452 2408 suo
1472 2357 1606 2422 principali
1637 2359 1674 2408 in·
1710 2361 1837 2408 retentum
1857 2357 1865 2406 4
1886 2355 1937 2409 544
1958 2355 1985 2410 3*

356 2457 503 2514 respectum
524 2451 580 2502 sine
600 2447 773 2512 dependentia
793 2451 817 2498 et
831 2451 867 2502 sic
881 2461 932 2500 non
947 2449 998 2512 pri·
1037 2447 1138 2500 tellectu
1159 2447 1236 2498 4535
1256 2461 1311 2510 arg.
1331 2447 1395 2496 3-
1408 2447 1467 2498 iacit
1485 2445 1672 2498 distinctionem
1763 2473 1795 2482 -
1817 2457 1926 2508 operum
1947 2447 1971 2497 in
1992 2447 2074 2496 ileum
2093 2445 2151 2500 nida
2174 2445 2204 2500 V.
2222 2445 2296 2502 Aelio
2321 2451 2344 2498 et

357 2547 566 2592 trantsummam
589 2539 780 2602 simplicitatem
800 2539 807 2588 4
829 2537 878 2592 573
899 2535 927 2588 3*
1036 2545 1157 2602 respectu
1176 2535 1272 2588 obiecti
1290 2535 1297 2586 4
1318 2533 1368 2586 573
1395 2549 1417 2586 4.
1442 2533 1493 2586 575
1523 2533 1539 2586 l]
1568 2547 1673 2598 -per
1715 2531 1743 2586 V.
1764 2531 1884 2586 inient-io.
1903 2559 1938 2572 -
1957 2535 2066 2586 actionis
2090 2535 2124 2586 ad
2149 2537 2247 2588 malurn
2268 2535 2344 2586 644444

411 2655 442 2664 -
462 2627 591 2682 clauditur
610 2627 634 2678 in
664 2629 792 2682 intellecta
823 2639 950 2694 personne
973 2627 997 2678 in
1036 2625 1259 2690 comparationem
1279 2621 1464 2676 ad'nliiectum
1479 2625 1522 2674 vel
1534 2623 1672 2676 terminum
1711 2621 1875 2676 dieitactum
1896 2621 2034 2674 voluntatis
2057 2631 2082 2676 et
2105 2623 2346 2676 rationisetdeor·

358 2717 497 2782 generalil
521 2715 569 2768 d38
593 2713 620 2766 8*
650 2743 683 2756 -
704 2731 754 2770 4404
775 2721 860 2778 polest
883 2715 997 2768 obstrepi
1037 2713 1114 2766 habet
1133 2715 1302 2766 diiierentiam
1325 2727 1337 2764 a
1356 2717 1430 2778 parte
1450 2713 1484 2764 rei
1505 2715 1512 2764 l
1533 2709 1673 2762 47644-
1711 2709 1867 2762 dinationem
1889 2713 2051 2762 coniunctam
2072 2713 2163 2764 actioni
2183 2713 2202 2762 44
2221 2711 2271 2762 876
2291 2709 2321 2760 4*

356 2805 389 2858 444
410 2807 542 2870 hypostasi
562 2805 709 2860 secundum
734 2817 804 2868 rem,
834 2805 879 2860 sed
909 2805 996 2858 solum
1036 2805 1059 2856 in
1081 2811 1201 2856 concreto
1220 2801 1362 2868 significata
1383 2805 1506 2866 importat
1534 2799 1672 2854 distinctio-
1765 2799 1908 2852 4444444404
1927 2805 2052 2852 —notat
2078 2799 2235 2854 identitatem
2255 2801 2280 2850 in
2300 2813 2343 2862 eo,

356 2895 500 2946 secundum
521 2895 676 2948 intellectum
696 2901 813 2946 nostrum
846 2895 852 2946 4
881 2891 930 2944 458
962 2891 997 2944 r.
1036 2907 1095 2944 nem
1115 2893 1121 2942 l
1143 2889 1193 2942 446
1214 2893 1358 2956 4444-
1377 2893 1403 2942 44
1422 2889 1518 2944 divinis
1539 2903 1616 2942 04444
1636 2895 1674 2942 est
1712 2889 2346 2953 proquoreiertldtdi.l-Proeodemstat

357 2981 408 3032 476
427 2983 444 3032 b
1036 2979 1061 3032 46
1081 2979 1152 3046 quod
1171 2979 1263 3044 habet,
1283 2985 1456 3044 4444444040,
1475 2979 1509 3030 ad
1538 2979 1608 3044 quod
1634 2993 1672 3030 re·
1710 2979 1847 3030 relativum
1867 2987 1892 3030 et
1910 2979 2068 3032 antecedens
2086 2981 2093 3030 4
2114 2979 2147 3030 66
2166 2979 2193 3030 6.
2213 2977 2224 3030 4
2248 3003 2281 3018 -
2307 2991 2346 3028 re·

394 3099 442 3112 .-.
464 3083 525 3120 rere
545 3069 731 3134 praedicantur
749 3067 783 3120 de
811 3069 998 3134 hypostasibus
1034 3069 1111 3120 latire
1130 3069 1224 3120 dicitnr
1242 3069 1251 3118 4
1272 3069 1322 3120 574
1343 3069 1358 3118 4.
1388 3069 1397 3118 4
1420 3093 1456 3106 -
1480 3069 1629 3130 generantis
1649 3075 1671 3118 et
1710 3067 1759 3116 lert
1776 3067 1932 3118 antecedens
1960 3065 2011 3118 sub
2039 3067 2133 3120 eodeni
2153 3067 2232 3120 modo
2252 3079 2345 3130 44440-

356 3159 434 3210 4573
455 3171 480 3224 4,
500 3155 531 3208 3*
549 3185 584 3198 -
603 3157 627 3206 44
655 3157 750 3210 divinis
775 3159 940 3220 praedicatur
966 3159 997 3210 de
1036 3157 1113 3220 geniti
1135 3155 1396 3208 iacitdistinctionem
1416 3155 1593 3218 personalem,
1613 3155 1672 3220 quia
1711 3153 1786 3204 nendi
1808 3161 1835 3204 44
1853 3153 2175 3220 antecedens‚nisilaeiat
2195 3155 2344 3206 relationem

357 3245 468 3298 essentia
488 3248 495 3297 4
517 3245 566 3298 tls
589 3243 617 3298 4*
639 3243 702 3300 Vide
725 3245 753 3298 V.
774 3243 846 3300 444444
863 3241 915 3298 56.
1035 3243 1173 3295 4444444440
1193 3245 1218 3295 44
1237 3245 1373 3308 supposito
1392 3249 1416 3294 et
1436 3249 1554 3306 respectu
1576 3255 1673 3306 sappo·
1711 3243 1854 3306 simplicem
1877 3243 1937 3294 468
1958 3255 2025 3294 a-
2051 3245 2157 3296 omnino
2186 3243 2264 3296 4444444
2288 3255 2346 3306 sup·

410 3363 443 3374 -
463 3339 488 3388 44
517 3337 612 3388 divinis
641 3349 691 3388 non
722 3340 759 3388 est
788 3335 836 3388 nisi
863 3341 998 3400 respectus
1035 3333 1075 3384 siti
1100 3332 1107 3383 l
1131 3331 1180 3382 483
1208 3345 1220 3384 4
1247 3361 1280 3370 -
1306 3331 1482 3396 distinguunt,
1509 3333 1568 3396 quia
1596 3331 1671 3382 simul
1711 3331 1865 3394 positionem
1895 3333 2070 3384 antecedentis
2093 3329 2127 3384 to.
2157 3329 2186 3382 4*
2207 3361 2244 3370 -
2263 3335 2347 3396 potest

356 3439 483 3490 personae
503 3423 537 3476 ad
557 3435 696 3490 personam
718 3427 725 3476 l
745 3421 798 3474 535
817 3423 835 3476 44
854 3449 889 3462 -
909 3423 998 3474 distin·
1035 3417 1542 3484 suntid.5*-Utrelatiodistinguat‚
1559 3424 1672 3484 oportet,
1710 3419 1794 3470 lacere
1814 3417 1963 3472 relationem
1982 3421 2144 3486 simplicem,
2164 3423 2206 3474 vel
2225 3433 2346 3486 persona·

356 3525 439 3576 guens
458 3517 496 3566 est
518 3515 595 3566 onius
614 3525 741 3574 personae
755 3509 787 3562 ad
802 3513 997 3576 aliam,secan·
1035 3509 1105 3576 quod
1126 3513 1175 3562 sint
1194 3509 1332 3562 relationes
1350 3515 1470 3574 mutuae,
1489 3513 1516 3560 44
1533 3507 1604 3574 quod
1624 3509 1674 3562 sint
1709 3507 2034 3560 tentassemus
2140 3497 2142 3500 ’

356 3601 420 3654 dam
440 3599 512 3668 quod
533 3609 571 3656 est
590 3599 622 3654 444
643 3601 683 3654 4444
714 3599 792 3654 4536
819 3597 939 3658 3*,4*4’64
968 3601 996 3654 V.
1036 3599 1180 3650 seeundum
1211 3611 1269 3650 esse
1295 3595 1330 3650 io.
1358 3595 1387 3648 4*
1415 3595 1477 3650 Vide
1506 3597 1533 3666 V.
1553 3597 1673 3658 Persona
1763 3623 1796 3636 -
1817 3597 2111 3662 identitatissignifieat
2136 3597 2294 3652 identitatem
2321 3599 2344 3648 in

356 3689 476 3744 Persona
494 3687 573 3754 (267
595 3703 619 3754 n,
643 3687 678 3754 a).
706 3719 738 3728 -
767 3687 911 3754 Respectus
935 3703 997 3742 rere
1036 3683 1111 3750 (267
1133 3685 1167 3746 it.
1710 3687 1846 3750 supposito
1866 3687 1874 3738 4
1894 3685 1946 3738 545
1965 3687 1980 3738 i.
2002 3685 2024 3738 4.
2043 3685 2077 3738 lV
2092 3685 2184 3738 4546.
2198 3689 2212 3738 4
2226 3685 2346 3738 miden·

357 3783 396 3828 est
414 3779 525 3830 essentia
545 3787 569 3830 et
591 3791 717 3846 persona,
737 3777 785 3830 sed
809 3777 916 3844 proprio
945 3791 995 3830 non
1088 3803 1122 3816 -·-
1142 3777 1248 3840 proprie
1268 3775 1350 3828 dictae
1369 3781 1431 3828 sunt
1450 3775 1593 3842 44444044
1622 3775 1671 3828 466
1711 3775 1786 3828 litatis
1805 3775 1867 3828 dieii
1881 3777 2134 3840 aequalitatem,vel
2148 3777 2344 3842 proportionem

356 3873 395 3918 est
413 3867 436 3918 in
452 3867 578 3934 essentia,
598 3867 645 3918 sed
663 3849 820 3934 in'persona
841 3865 913 3920 1575
932 3867 997 3918 o-
1034 3865 1051 3918 h
1071 3871 1106 3904 -’-
1125 3867 1152 3916 44
1170 3865 1241 3916 omni
1262 3861 1413 3916 habitudine
1432 3873 1491 3918 sunt
1517 3863 1586 3916 duae
1608 3865 1672 3916 rein·
1710 3867 1808 3916 tantum
1829 3863 1860 3916 lV
1880 3863 1932 3916 763
1952 3863 1977 3916 d.
2000 3863 2015 3916 4
2234 3859 2235 3862 ’

356 3957 498 4020 Respectus
520 3969 568 4010 non
589 3961 627 4008 est
647 3957 773 4010 essentiae
791 3957 825 4008 ad
845 3957 929 4020 aliud,
950 3957 994 4008 sed
1034 3957 1115 4006 tiones
1135 3953 1280 4006 secundum
1300 3953 1353 4006 duo
1378 3957 1491 4006 extrema
1513 3951 1591 4004 4466
1610 3953 1628 4006 i.
1649 3953 1670 4004 4.
1765 3955 1908 4006 4444444440
1931 3981 1966 3992 -
1995 3951 2059 4006 Vide
2082 3951 2108 4006 V.
2129 3951 2295 4022 Dispensatio
2321 3959 2345 4006 et

356 4059 483 4110 personae
515 4045 548 4098 ad
581 4059 720 4110 personam
746 4041 809 4098 itia.
840 4045 891 4100 588
919 4059 932 4098 4
961 4073 996 4086 -
1035 4043 1080 4094 464
1100 4041 1300 4096 l*—Cuilibet
1314 4043 1408 4106 origini
1423 4041 1565 4106 respondet
1577 4041 1671 4106 duplex
1713 4041 1741 4094 V.
1762 4041 1939 4110 4464444464.
2020 4071 2022 4076 ·
2059 4105 2060 4108 ¹

356 4133 470 4186 Essentia
489 4131 579 4186 divina
599 4147 650 4186 non
675 4139 761 4200 potest
787 4133 875 4188 calceri
906 4135 913 4184 l
944 4133 990 4186 444
1034 4131 1159 4185 4444444460
1178 4133 1186 4182 4
1207 4131 1251 4182 464
1277 4147 1289 4182 4
1764 4131 1862 4182 litterato
1883 4157 1916 4170 ·-
1936 4137 1974 4182 est
1992 4131 2090 4194 virtus,
2116 4143 2167 4198 qua
2188 4131 2280 4194 colitur
2304 4129 2345 4182 ille

356 4221 372 4272 4.
395 4223 419 4272 l.
437 4221 488 4274 453
509 4221 538 4272 5*
565 4251 601 4260 -
624 4221 701 4286 Quod
730 4221 816 4288 privat
845 4221 993 4276 relationem
1087 4249 1120 4258 —-
1142 4219 1244 4286 Aliquid
1266 4225 1350 4284 potest
1368 4217 1466 4272 hahere
1485 4221 1671 4284 pluresrespe·
1709 4221 1753 4284 qui
1773 4227 1812 4270 est
1831 4221 1973 4284 superioris
1993 4223 2099 4270 naturae
2120 4221 2147 4272 444
2166 4219 2218 4272 447
2239 4218 2285 4270 i.i
2312 4245 2344 4256 ·-

356 4311 449 4362 dicitur
470 4311 501 4362 de
522 4311 630 4362 essentia
652 4313 719 4366 sicut
737 4311 770 4362 de
791 4323 900 4374 persona
920 4311 994 4362 4563
1034 4315 1092 4362 ctos
1109 4311 1164 4362 sine
1184 4311 1371 4374 compositione
1392 4309 1503 4360 existens
1529 4309 1535 4358 4
1565 4307 1614 4360 453
1644 4305 1671 4356 3*
1709 4311 1749 4358 est
1768 4307 1868 4376 speeies
1892 4307 2019 4372 iustitiae,
2039 4307 2186 4360 seeundum
2206 4319 2285 4374 qtranr
2306 4321 2346 4358 or·

356 4413 384 4464 a,
408 4397 423 4450 44
443 4425 478 4438 ·-·
497 4401 582 4452 omnis
602 4399 663 4452 dicit
681 4403 831 4464 respectum
850 4399 882 4452 ad
907 4413 996 4464 perso
1038 4395 1099 4452 Vide
1121 4399 1151 4450 V.
1169 4395 1333 4464 Proprietas.
1352 4425 1386 4434 -
1406 4395 1494 4448 Unitas
1514 4391 1671 4448 habitudinis
1709 4395 1813 4446 dinatur
1832 4395 1865 4446 ad
1885 4395 2064 4460 venerandam
2093 4403 2211 4450 naturam
2232 4397 2347 4460 superio·

356 4501 430 4554 nani,
451 4501 519 4554 quae
539 4489 600 4542 dicit
619 4491 788 4550 positionem,
808 4487 996 4554 ritiniilaquae
1035 4497 1086 4538 non
1114 4491 1200 4550 potest
1226 4485 1346 4550 accipie
1375 4491 1449 4550 parte
1475 4485 1601 4538 essentiae
1626 4497 1672 4536 nec
1709 4497 1767 4536 rem
1784 4481 1854 4548 iiia,
1878 4481 2006 4536 b-est
2025 4485 2096 4538 idem
2117 4483 2345 4552 quodlatria‚sed

357 4581 456 4627 tantum
477 4577 581 4640 negati
602 4575 653 4626 566
674 4575 702 4628 4*
728 4601 764 4614 -
790 4575 822 4628 Ui
841 4575 996 4642 intelligatur
1034 4589 1063 4628 ex
1084 4575 1671 4642 parapemenos,quaereierturmeceim,
1710 4573 1825 4640 quodam
1844 4573 1924 4626 44060
1944 4575 1968 4626 44
1990 4575 2049 4638 plus
2069 4575 2096 4626 444
2117 4574 2167 4626 448
2189 4589 2220 4626 4

358 4663 495 4730 habitudo,
521 4677 625 4718 neeesse
645 4671 682 4716 est
695 4663 801 4728 intelligi
815 4665 868 4722 duo
881 4671 994 4718 extrema
1034 4665 1066 4716 ad
1087 4677 1167 4732 qtram
1187 4665 1311 4730 retertur,
1334 4661 1674 4728 sedsecundumproprie·
1763 4689 1795 4700 —
1822 4659 1916 4728 Omns,
1944 4661 2016 4728 qtiod
2043 4663 2188 4728 opponitur
2214 4661 2346 4716 doctrinae

356 4761 383 4804 ut
403 4755 531 4806 allirmata
551 4755 558 4804 l
578 4751 630 4806 565
651 4753 675 4806 6.
696 4757 711 4806 3
1034 4757 1098 4806 tates
1116 4767 1132 4806 a
1152 4759 1224 4818 parte
1243 4755 1281 4804 rei
1301 4753 1449 4804 differentes
1466 4751 1474 4804 l
1495 4749 1544 4804 454
1565 4749 1582 4802 44
1710 4749 1842 4816 religionis
1861 4751 1887 4802 io
1906 4749 2043 4804 credendis
2064 4751 2104 4802 vel
2119 4753 2143 4802 in
2158 4751 2280 4816 agendiS,
2294 4751 2346 4816 pci-

409 4869 444 4880 -·
463 4841 548 4908 aliqua
569 4845 594 4894 in
614 4839 711 4896 divinis
730 4845 768 4894 cst
788 4839 996 4896 4444445374)
1088 4869 1122 4880 -
1142 4839 1218 4908 Quod
1238 4839 1671 4894 dicitursecundumsubslautlam
1710 4851 1754 4890 mo
1766 4843 1790 4890 et
1803 4839 1981 4904 principaliter
1995 4839 2308 4904 0440444446644444853
2320 4835 2346 4890 4*

407 4957 442 4968 -
464 4929 747 4998 644444444444,44446
768 4927 830 4982 dicit
848 4935 995 4994 respectum
1023 4933 1134 5000 ,ratione
1154 4931 1284 4982 relationis
1301 4929 1487 4994 superadditae
1508 4935 1591 4994 potest
1619 4929 1670 4982 dici
1765 4955 1800 4966 -
1821 4929 1944 4980 Verlectio
1968 4933 2050 4980 status
2075 4929 2207 4994 religionis
2231 4927 2289 4982 eide
2320 4927 2346 4980 V.

355 5017 387 5070 ad
409 5031 555 5084 personam,
570 5023 610 5070 cst
624 5019 788 5072 nationaliter
803 5019 902 5074 dictum
922 5019 991 5070 4484
1033 5019 1141 5072 relative
1159 5021 1166 5070 4
1188 5017 1239 5070 437
1258 5033 1272 5070 4
1297 5017 1359 5072 Vide
1382 5019 1410 5070 V.
1429 5017 1501 5070 Deus
1520 5013 1574 5082 55,
1592 5013 1644 5072 56.
1711 5013 1848 5084 Persecit'o.
1869 5045 1902 5054 -
1920 5015 1947 5068 ln
1966 5017 2092 5082 religione
2112 5017 2210 5084 aliquid
2229 5017 2346 5082 adiungi·

356 5109 371 5158 l.
392 5109 407 5158 6
427 5135 462 5144 -
481 5105 542 5160 dicit
561 5109 693 5160 notionem
714 5111 888 5162 communiter
915 5109 924 5160 l
944 5107 995 5160 444
1088 5109 1166 5160 -44
1187 5109 1240 5160 lieo
1260 5107 1346 5160 nullus
1357 5113 1400 5160 est
1409 5111 1543 5172 respectos
1556 5103 1589 5158 46
1598 5121 1671 5160 0444-
1709 5111 1751 5158 444
1763 5103 1890 5158 niandatis
1904 5107 2056 5158 necessitate
2069 5103 2275 5172 observandum,
2291 5109 2346 5158 sine

356 5193 393 5248 4*.
407 5195 456 5248 448
470 5193 683 5264 3*-quaedam
698 5203 735 5250 cst
748 5201 996 5262 proprietas‚qaae·
1033 5195 1119 5250 4444444
1140 5211 1169 5250 ex
1190 5201 1264 5262 parte
1283 5197 1350 5248 reil
1380 5197 1430 5248 668
1460 5209 1473 5246 4
1503 5223 1536 5232 -
1566 5195 1608 5248 Dei
1638 5195 1669 5248 ad
1709 5207 1763 5260 quo
1781 5193 1946 5246 observantia
1967 5195 2149 5248 mandatorum
2168 5197 2251 5262 etqui
2271 5195 2347 5248 44444·

354 5283 416 5336 6444
435 5299 487 5336 444
507 5285 514 5334 l
538 5283 588 5336 460
607 5283 624 5336 o
644 5311 678 5324 -
704 5283 802 5348 omnis,
824 5289 848 5340 in
867 5291 994 5350 quantum
1034 5293 1179 5340 ereaturam
1200 5299 1251 5338 non
1270 5289 1308 5338 est
1327 5299 1389 5336 vera
1409 5283 1535 5338 habitudo
1552 5285 1560 5334 l
1583 5283 1633 5336 436
1647 5299 1669 5336 a.
1710 5283 1760 5346 rii,
1779 5293 1830 5334 non
1849 5283 1944 5334 sollleit
1968 5283 2001 5334 ad
2027 5283 2138 5334 salntem
2157 5283 2191 5334 lV
2210 5283 2244 5334 34
2265 5281 2292 5332 t*
2311 5309 2345 5322 ι-

354 5373 441 5438 aliquo
464 5373 542 5426 modo
560 5373 697 5438 distinguit
717 5373 750 5426 ab
770 5371 994 5442 alio,potestdici
1036 5377 1086 5426 483
1106 5375 1132 5426 6.
1153 5373 1671 5438 3-Divinaessentiaintelligiturper
1709 5371 1839 5434 Religioso
1865 5383 1914 5422 noo
1941 5371 1998 5422 licet
2022 5371 2106 5424 iacere
2129 5377 2216 5424 contra
2240 5371 2343 5424 consilia

356 5463 502 5526 proprietas
521 5461 583 5516 itia.
1035 5463 1146 5516 modum
1165 5469 1299 5528 respectas
1325 5463 1358 5516 ad
1387 5473 1545 5528 creaturam,
1565 5463 1605 5514 444
1632 5475 1671 5516 re·
1709 5457 1797 5508 ¹190‘2
1817 5457 1907 5520 arao

408 5579 442 5588 -
461 5553 567 5614 respicit
587 5551 746 5614 singularem
767 5563 906 5614 personam
923 5553 927 5602 Ι
944 5553 994 5604 346
1033 5555 1133 5618 spretui
1153 5553 1214 5604 ninii
1233 5553 1374 5616 respondet
1394 5553 1440 5604 nisi
1460 5553 1569 5604 essentia
1588 5553 1595 5602 l
1619 5551 1669 5604 546
1762 5573 1796 5586 -
1815 5547 1961 5612 Religiosos
1980 5551 2087 5612 proprie
2105 5557 2145 5602 est
2163 5551 2208 5616 qui
2228 5547 2301 5600 vovit
2315 5561 2343 5600 ea

355 5637 419 5692 44,-
431 5637 537 5690 Nullum
551 5639 687 5692 relativum
703 5641 797 5692 dicitur
811 5641 844 5692 de
857 5639 927 5690 aliol
943 5637 993 5692 584
1033 5655 1055 5706 4,
1076 5639 1112 5692 6*.
1133 5639 1182 5692 668
1200 5637 1226 5690 4*
1239 5639 1353 5692 —Deus
1366 5653 1416 5690 noo
1430 5639 1541 5690 reiectur
1553 5637 1586 5688 ad
1600 5653 1671 5690 crea·
1709 5649 1776 5702 qnae
1795 5643 1854 5690 suot
1874 5637 2006 5702 religionis
2025 5651 2132 5690 serrare
2150 5639 2184 5690 lV
2204 5637 2255 5690 646
2274 5637 2291 5690 b

355 5725 488 5788 4446-
507 5725 673 5790 Nihil,qund
692 5727 996 5780 dicitursecundumrc·
1033 5737 1117 5798 terram
1139 5729 1185 5780 nisi
1206 5727 1351 5778 secundum
1372 5727 1420 5778 diei
1448 5727 1605 5778 elmodam
1635 5727 1671 5778 lo·
1761 5727 1845 5778 -lle
1858 5727 1963 5778 saeculo
1976 5727 2010 5778 46
2021 5727 2174 5792 religionem
2189 5727 2247 5780 licet
2259 5739 2344 5778 ascen·
2403 5719 2405 5724 ’

356 5813 490 5876 lationem,
511 5811 606 5864 dieitur
623 5811 657 5864 de
671 5813 790 5874 dnonas,
806 5817 854 5868 nisi
874 5813 996 5878 importet
1034 5817 1131 5880 quendi
1152 5817 1159 5866 l
1179 5815 1230 5866 458
1250 5813 1287 5866 4*.
1307 5815 1357 5868 453
1377 5813 1414 5866 5*.
1434 5815 1479 5866 844
1506 5815 1532 5866 d.
1552 5817 1579 5866 4.
1594 5815 1622 5866 444
1639 5817 1669 5866 46
1701 5813 1785 5880 6444,
1808 5829 1857 5868 004
1880 5817 2037 5870 descendere
2057 5817 2089 5868 lV
2107 5815 2157 5868 864
2172 5815 2201 5868 4*
2214 5813 2343 5868 *Omne

356 5901 505 5954 relationem
522 5901 546 5954 in
560 5905 708 5970 communi,
722 5901 763 5952 rel
777 5907 924 5966 respectum
939 5901 996 5964 plu·
1034 5901 1062 5952 4*
1082 5931 1115 5940 -
1135 5901 1167 5952 ud
1187 5907 1320 5954 creaturas
1337 5903 1362 5952 in
1384 5901 1436 5954 Deo
1461 5911 1500 5954 est
1524 5903 1607 5956 solum
1631 5919 1670 5956 se-
1709 5913 1799 5958 rntum
1821 5909 1904 5970 potest
1923 5907 2079 5958 4044444444·
2091 5907 2117 5958 44
2131 5913 2220 5958 votum
2242 5905 2344 5970 religio·

353 5991 435 6054 444444,
457 5989 740 6042 utcommunicantio
761 5987 875 6054 aliquoi
897 5989 947 6042 536
969 5985 996 6040 4*
1034 5990 1149 6042 cundum
1171 5989 1281 6042 modum
1300 5991 1670 6054 intelligendi‚sediundatur
1709 5995 1748 6046 nis
1767 5995 1822 6048 sine
1840 5995 1948 6060 praelati
1967 5995 2084 6060 licentia,
2104 5997 2163 6062 quia
2185 5995 2343 6062 proptecsui

329 6089 334 6100 ’
356 6109 388 6116 -
408 6081 483 6144 Quod
503 6079 565 6132 dicit
584 6077 735 6134 relationem
758 6079 880 6132 convenit
903 6079 947 6146 uni
968 6079 995 6130 lll
1033 6093 1112 6144 super
1132 6077 1281 6130 relationem
1301 6083 1435 6132 creaturae
1449 6081 1480 6132 ad
1496 6081 1602 6148 ipsuml
1618 6081 1668 6136 546
1691 6081 1862 6148 dignitatem
1884 6085 2011 6136 licentiam
2030 6083 2092 6136 dant
2112 6087 2166 6136 iura
2189 6085 2220 6136 lV
2241 6085 2291 6136 844
2312 6099 2325 6136 4

356 6169 387 6218 43
408 6183 435 6234 4,
457 6167 493 6234 4*,
515 6167 549 6236 4*,
570 6167 652 6222 6*-
671 6159 747 6236 Quod
770 6165 831 6222 dicit
845 6167 994 6222 relationem
1034 6183 1055 6234 a,
1077 6165 1114 6220 4*.
1136 6165 1187 6220 547
1208 6165 1233 6218 6.
1255 6167 1278 6218 l.
1297 6167 1347 6218 663
1370 6165 1405 6218 4*.
1425 6169 1458 6220 lV
1477 6171 1528 6222 668
1550 6171 1575 6222 d.
1600 6171 1669 6222 5-
1760 6167 1840 6224 -’“44
1861 6173 1989 6238 religione
2012 6175 2206 6226 communicant
2234 6173 2344 6226 boniet

354 6257 387 6310 ad
402 6273 547 6326 personam
567 6273 618 6312 non
638 6267 675 6312 est
695 6269 837 6314 commone
861 6255 944 6310 tribus
963 6255 994 6310 t'd.
1034 6257 1176 6322 Respectus
1190 6255 1223 6306 46
1236 6261 1382 6322 creaturam
1397 6259 1620 6324 niliilsuperaddll
1634 6275 1669 6312 es·
1709 6261 1781 6326 mali,
1799 6263 1915 6314 carnales
1935 6269 1960 6314 et
1978 6262 2127 6326 spirituales
2144 6263 2177 6314 lv
2199 6261 2244 6314 444
2269 6257 2298 6312 6*

356 6345 584 6402 3*-11uitaest
607 6349 754 6402 eommunis
782 6345 814 6398 ad
843 6347 909 6400 dous
937 6361 993 6410 per·
1033 6345 1217 6398 4446444545
1229 6341 1350 6398 retiae
1362 6345 1473 6402 V.Detts
1487 6343 1538 6414 58,
1553 6345 1604 6414 59,
1620 6343 1669 6402 46.
1762 6377 1796 6390 -
1824 6351 1949 6402 Conversi
1980 6351 2037 6402 laici
2071 6357 2251 6418 tonsurantur,
2281 6351 2341 6418 quia

354 6449 430 6488 sonas
449 6443 577 6504 quantum
592 6435 622 6488 ad
639 6435 809 6502 principalem
831 6435 994 6498 intellectum,
1087 6463 1121 6474 -
1141 6435 1284 6498 Respectus
1296 6435 1331 6486 ad
1343 6441 1488 6490 creaturam
1504 6451 1553 6490 non
1568 6443 1606 6490 est
1625 6453 1670 6492 no·
1708 6439 1836 6492 arandum
1865 6441 2025 6506 reliquerunt
2048 6447 2075 6492 et
2092 6441 2280 6504 temporalibus
2306 6453 2342 6492 re·

354 6525 399 6576 sed
420 6531 506 6588 potest
525 6539 582 6578 esse
602 6531 730 6590 4444444444
743 6521 777 6576 46
791 6531 994 6590 consequentem
1033 6525 1125 6576 4404440
1145 6525 1152 6576 l
1174 6521 1224 6574 486
1250 6519 1279 6574 5*
1297 6549 1332 6558 -
1350 6521 1483 6592 Quidquid
1504 6527 1536 6578 de
1557 6527 1609 6578 Deo
1632 6525 1670 6580 di·
1707 6529 1857 6582 nuntiarunt
1876 6527 1908 6580 lV
1928 6529 1978 6580 666
2000 6527 2073 6594 4*,44

354 6614 362 6665 4
382 6611 432 6664 566
455 6609 482 6664 4*
505 6611 568 6666 Vide
591 6611 618 6664 V.
639 6611 712 6668 6444
730 6607 785 6666 56.
1033 6615 1099 6666 44444
1112 6615 1138 6664 44
1153 6613 1277 6666 relatione
1289 6609 1323 6662 ad
1341 6621 1498 6680 creaturam,
1519 6615 1612 6668 dicitur
1631 6631 1670 6668 es·
1760 6643 1794 6654 -
1814 6619 1929 6668 inomni
1950 6617 2075 6684 religione
2100 6619 2265 6682 perfectionis
2283 6619 2342 6668 sim·

408 6729 441 6738 -
461 6709 498 6754 est
521 6699 994 6768 proprietas,secundumquodipsa
1032 6703 1170 6754 sentialiter
1189 6703 1198 6752 l
1217 6701 1269 6752 644
1288 6701 1611 6768 4443-6444644444
1629 6719 1670 6756 re·
1708 6705 1807 6770 pliciter
1826 6707 1971 6760 continetur
1991 6707 2145 6758 renuntiatio
2165 6713 2290 6772 quaestum
2309 6705 2341 6756 ad

354 6795 393 6840 est
411 6791 486 6854 origo
506 6789 514 6840 l
536 6789 585 6844 458
605 6787 635 6840 3*
654 6817 688 6830 -
710 6791 844 6844 Emanatio
872 6795 898 6840 et
924 6789 995 6844 nabi-
1033 6789 1330 6842 lationemadressont
1345 6789 1669 6856 appodiationem
1708 6807 1775 6858 opas
1793 6795 1879 6846 carnis
1897 6801 1922 6846 et
1942 6801 2069 6862 4444444444
2095 6795 2130 6846 46
2155 6797 2340 6860 proprietatem

354 6877 417 6930 tudo
446 6877 567 6930 dilierunt
596 6879 740 6934 seeundum
770 6879 879 6932 modum
908 6879 995 6930 intelli·
1036 6879 1066 6932 V.
1085 6879 1156 6932 lieres
1173 6875 1223 6934 58.
1672 6915 1673 6918 =
1708 6883 1749 6934 rel
1768 6883 1792 6934 in
1814 6883 1930 6948 speciali,
1950 6885 1990 6936 rel
2011 6885 2036 6934 in
2052 6885 2187 6936 collimant
2201 6885 2217 6936 ll
2233 6879 2342 6936 46446*
