5784 8384
339 611 403 676 476

645 631 646 634 ’
1184 613 1296 678 illiba
1321 615 1476 680 TERTIUS

626 695 688 748 ror
1984 707 2046 760 444

392 811 426 822 --
446 785 528 834 achra
548 797 599 834 nou
619 787 656 834 sie
675 783 807 848 dependet
820 791 844 836 44
863 785 976 850 comple·
1016 795 1099 852 potest
1121 788 1137 840 ll
1157 787 1191 840 40
1209 787 1227 840 h
1247 815 1281 828 -
1310 801 1410 840 somma
1441 795 1493 854 esi,
1521 793 1563 842 cui
1591 793 1653 842 nihil
1693 795 1756 846 tium
1776 795 2147 862 pinguitudine,pluriiicatur
2166 809 2196 846 ex
2216 801 2329 860 partium

339 879 381 924 tur
401 885 447 936 per
474 873 595 924 ellectum
624 873 692 924 sicot
718 875 831 936 potentia
853 875 976 924 materiae
1015 881 1099 940 potest
1112 877 1232 930 resistere
1247 891 1293 930 nec
1305 891 1363 930 eam
1378 877 1596 930 4444444444370
1610 879 1653 930 ii
1691 883 1901 946 multiplicatione
1922 885 2006 936 44378
2027 885 2045 936 b
2067 883 2130 938 Vide
2152 885 2182 936 V.
2200 885 2328 954 Multipli-

338 975 387 1026 per·
404 968 491 1013 actum
511 961 528 1010 ll
549 959 786 1012 4944*-444444
803 967 975 1026 potestprae-
1068 991 1102 1002 -
1122 969 1193 1018 tanto
1211 967 1351 1018 virtuosior·
1370 971 1423 1028 est,
1451 973 1551 1032 quanto
1570 971 1653 1030 potest
1691 969 1759 1022 colio
1778 971 1805 1020 in
1824 973 1910 1024 lodice
1931 987 2019 1038 gener.

338 1049 431 1102 cedere
451 1049 571 1100 ellectum
590 1055 616 1100 ei
641 1055 731 1100 natura
758 1053 783 1102 et
803 1049 940 1102 duratione
958 1049 975 1100 ll
1014 1065 1094 1116 super
1114 1053 1199 1116 tnagis
1217 1053 1335 1104 distantia
1355 1053 1374 1104 ll
1393 1053 1421 1104 44
1440 1055 1481 1104 ll
1502 1053 1596 1106 -Ubi
1616 1061 1653 1106 est
1743 1085 1776 1094 -
1797 1057 1886 1110 Virtus
1898 1061 2043 1124 simplicior
2056 1068 2079 1113 ei
2093 1061 2233 1128 perfectior
2246 1069 2329 1126 potest

338 1137 390 1188 493
408 1137 501 1200 44444
1015 1141 1097 1192 maior
1118 1141 1253 1202 distantia,
1271 1139 1307 1192 ibi
1327 1143 1506 1194 maiorvirtus
1524 1141 1654 1194 reducens
1690 1143 1774 1196 iacere
1798 1149 1853 1196 siue
1877 1161 1979 1214 organo
2002 1151 2089 1202 medio
2119 1155 2143 1202 et
2172 1163 2219 1214 per
2246 1163 2327 1204 unum

344 1249 348 1254 „
391 1253 424 1262 -
445 1225 533 1278 Virtus
559 1233 597 1278 ost
625 1227 700 1290 plena
724 1227 860 1278 effectibus
888 1239 976 1278 secun·
1015 1227 1047 1278 lV
1061 1229 1112 1278 448
1127 1229 1171 1280 44
1191 1257 1222 1266 -
1243 1243 1344 1282 suntme
1366 1237 1412 1296 444,
1426 1245 1476 1296 qua
1497 1231 1556 1296 quis
1570 1235 1653 1294 potest
1689 1233 1787 1296 tacere,
1808 1235 1879 1300 quod
1897 1235 2004 1290 interior
2028 1245 2113 1302 potest
2132 1253 2180 1304 per
2198 1251 2327 1304 organum

338 1313 402 1366 dum
431 1315 594 1366 efficientiam
623 1315 645 1366 V
671 1313 722 1366 499
745 1313 888 1366 44-444
912 1327 975 1366 vere
1014 1317 1651 1380 superinfinitametsrrmmamdistantiaml370
1689 1329 1710 1374 et
1733 1335 1779 1386 per
1800 1321 1911 1386 plurali
1932 1323 2002 1378 446

338 1415 384 1452 444
401 1409 425 1452 44
446 1415 522 1452 44444
543 1415 646 1464 rerum,
666 1415 735 1470 44444
759 1417 774 1454 4
794 1401 870 1454 nobis
888 1403 974 1454 strntl
1015 1407 1029 1458 l.
1056 1407 1128 1456 3-
1145 1407 1269 1458 Summae
1289 1407 1419 1470 potentiae
1438 1411 1475 1458 est
1494 1409 1652 1470 coniungere
1715 1471 1719 1494 ὅ
1743 1437 1776 1446 -
1796 1407 1886 1462 Omnis
1905 1413 1989 1464 virtus
2008 1415 2075 1464 linita
2103 1417 2163 1480 plus
2189 1421 2272 1480 potest
2302 1419 2325 1468 in

337 1491 475 1542 8044·-
495 1491 580 1542 444444
599 1495 685 1554 potest
703 1503 731 1542 44
760 1491 844 1556 ipsam
871 1491 974 1542 manile
1013 1495 1355 1546 4444444444444444444448
1376 1494 1650 1562 44444-444444
1689 1509 1785 1560 unum,
1806 1513 1884 1564 quam
1904 1501 2010 1566 quando
2024 1503 2185 1568 dispergitur
2198 1505 2232 1556 ad
2246 1505 2324 1556 4444444

336 1583 403 1630 stare
424 1579 429 1628 Ι
450 1577 496 1630 774
521 1593 578 1644 arg.
595 1581 610 1630 3
1014 1587 1097 1648 potest
1117 1585 1142 1634 iu
1161 1585 1248 1648 magis
1271 1583 1406 1650 distantia,
1430 1589 1499 1638 tanto
1517 1591 1557 1636 esi
1575 1585 1650 1638 latior
1688 1585 1721 1638 iV
1744 1585 1811 1638 4018
1829 1589 1911 1652 arpi

389 1695 422 1706 -
444 1669 531 1718 Virtus
551 1669 717 1732 cognoscitur
735 1681 781 1732 per
796 1669 972 1734 operationem
1013 1673 1070 1724 sive
1088 1673 1214 1736 amplior,
1237 1673 1258 1722 si
1277 1677 1317 1724 esi
1328 1673 1469 1724 consimilis
1484 1671 1578 1724 modus
1590 1687 1650 1736 pro·
1742 1703 1776 1710 -
1799 1679 1881 1730 tnaior
1906 1687 1956 1746 est,
1983 1695 2052 1746 quae
2078 1681 2132 1746 agit
2157 1681 2325 1744 paucioribus

336 1761 361 1808 et
382 1771 428 1822 per·
444 1755 574 1808 obiectum
590 1757 607 1806 ll
623 1755 674 1806 460
694 1755 710 1806 4.
731 1755 763 1806 44
781 1769 884 1818 -per
902 1765 974 1806 actus
1013 1759 1125 1812 ducendi
1144 1761 1151 1812 l
1172 1761 1222 1812 363
1245 1759 1272 1810 4*
1688 1763 1780 1816 mediis
1799 1773 1823 1818 et
1842 1767 1941 1818 auxiliis
1960 1769 1994 1820 lV
2015 1771 2066 1820 448
2092 1769 2109 1820 4.
2135 1769 2149 1818 3
2176 1795 2209 1806 -
2238 1767 2324 1822 Virtus

335 1851 528 1908 cognoscuntur
548 1845 580 1896 lV
601 1843 652 1894 480
671 1843 973 1896 44-44444444444444
1065 1851 1207 1902 -Virtus
1230 1849 1359 1900 reducens
1387 1849 1485 1916 aliquid
1509 1851 1533 1902 in
1562 1863 1648 1904 actum
1687 1851 1835 1906 immediata
1865 1857 1948 1920 magis
1973 1857 2056 1908 iuliuit
2074 1857 2286 1924 qtram‘mediata
2306 1857 2323 1908 ll

335 1941 473 1998 tteractus
494 1935 510 1984 ll
530 1933 582 1986 648
601 1933 628 1984 d.
650 1935 657 1982 4
683 1957 718 1970 -
737 1933 860 1984 Nobilitas
879 1939 903 1982 et
922 1945 973 1984 ma·
1012 1943 1080 1988 tanto
1099 1937 1648 2008 estcxceilentioreivirtuosior,quaoto
1688 1943 1757 1998 4045
1776 1943 1802 1994 d.
1822 1945 1836 1992 4
1855 1941 2324 2008 744447.044444(4424).·-744·

335 2023 445 2088 gnitudo
464 2025 567 2074 virtutis
585 2035 633 2086 per
650 2027 738 2074 actum
758 2021 921 2088 dignoscitur
939 2019 972 2072 lV
1011 2025 1089 2090 illud,
1109 2039 1139 2078 ex
1157 2039 1211 2090 444
1231 2027 1320 2088 incipit
1332 2029 1413 2092 actio,
1429 2031 1556 2082 minorem
1570 2029 1647 2082 habai
1687 2041 1742 2098 tus,
1761 2045 1828 2098 quae
1849 2031 1968 2094 producit
1988 2047 2016 2082 444
2038 2031 2136 2098 aliquo,
2157 2033 2234 2084 aliam
2249 2037 2324 2086 ratio·

335 2113 387 2164 449
406 2127 462 2176 arg.
483 2113 493 2162 4
655 2137 656 2140 ¹
1012 2115 1209 2180 dispositionem
1223 2115 1257 2166 od
1270 2117 1410 2168 terntiuum
1424 2119 1532 2170 actionis
1552 2117 1583 2170 lV
1597 2121 1647 2170 449
1687 2135 1747 2172 nem
1772 2121 1961 2184 praesupponit
1987 2119 2018 2170 lV
2046 2121 2094 2170 448
2122 2121 2136 2170 4.
2165 2121 2179 2170 3
2210 2119 2271 2174 Vide
2295 2121 2321 2172 V.

388 2227 422 2238 --
443 2201 524 2252 sotira
546 2207 652 2250 naturae
671 2199 782 2252 existens
812 2201 836 2250 in
866 2199 970 2250 44344444
1011 2219 1068 2268 arg.
1086 2207 1101 2256 3
1122 2231 1155 2244 -·-
1175 2205 1283 2270 Facere,
1305 2211 1333 2256 ut
1351 2207 1383 2260 sit
1401 2205 1463 2260 iilud
1484 2207 1555 2274 qnod
1578 2207 1647 2259 nullo
1687 2207 1935 2274 dacoleno-operta.

334 2291 366 2342 ad
382 2289 495 2356 aliquem
514 2289 634 2340 editorum
654 2287 855 2352 producendum
870 2297 914 2340 444
933 2295 971 2340 esi
1012 2293 1091 2346 modo
1111 2295 1194 2346 44444
1214 2295 1333 2358 potentia,
1355 2297 1447 2362 utsii,
1469 2297 1647 2348 estmatrimae
1739 2323 1773 2334 --
1794 2298 1818 2347 ln
1839 2309 2022 2362 quercuumque
2046 2299 2157 2360 potentia
2183 2297 2267 2364 aliqua
2297 2299 2322 2350 li·

317 2379 481 2444 hlotiitiqllfl
503 2383 526 2428 ei
546 2379 692 2438 8001444443,
711 2383 756 2428 aut
774 2381 876 2430 4440043
889 2379 905 2428 ΙΙ
921 2375 970 2426 437
1010 2383 1140 2446 potentiae
1158 2379 1194 2436 ih.
1206 2381 1236 2434 4*
1685 2385 1748 2436 bere
1766 2391 1864 2448 potest,
1883 2397 1935 2436 non
1955 2385 2054 2448 indiget
2066 2385 2225 2438 adminiculo
2238 2385 2320 2438 alieno

334 2481 400 2518 a·-
421 2467 524 2532 illiquid
543 2475 582 2518 444
602 2467 627 2516 444
648 2469 772 2530 4444444444
791 2467 971 2530 alicuiuspro·
1062 2477 1097 2510 '-
1118 2475 1219 2538 VirtuS,
1242 2475 1443 2540 quantomagis
1470 2487 1498 2526 44
1526 2471 1647 2524 ditlundii
1686 2473 1757 2526 vet
1781 2487 1836 2538 arg.
1858 2472 1888 2524 43
1985 2517 1986 2522 ,
2062 2523 2063 2526 ,

333 2559 444 2622 pinqua,
475 2555 516 2608 vei
542 2555 696 2620 dispositiva
719 2555 798 2608 4856
828 2553 910 2608 4*-
929 2571 970 2608 ot-
1009 2569 1033 2614 et
1053 2565 1242 2628 communicat,
1262 2567 1331 2616 tanto
1351 2565 1481 2628 potentior
1504 2567 1528 2612 et
1557 2559 1647 2612 melior
1739 2589 1772 2600 -
1793 2577 1821 2614 44
1842 2563 1986 2628 frequentia
2004 2569 2076 2614 actos
2095 2565 2180 2626 magis
2198 2571 2320 2628 perempta

333 2647 436 2700 dinatur
455 2645 487 2698 ad
507 2659 575 2710 opus
594 2659 642 2708 per
664 2645 861 2708 dispositionem
887 2645 895 2696 l
919 2643 969 2698 564
1007 2659 1047 2702 444
1066 2651 1097 2702 lV
1118 2651 1168 2702 430
1188 2667 1245 2718 arg.
1263 2653 1278 2702 3
1684 2651 1795 2702 efficitur
1807 2649 1839 2702 ad
1854 2649 2001 2702 exeundum
2013 2651 2039 2700 in
2053 2657 2138 2702 actum
2159 2651 2320 2702 consimilem

334 2733 414 2788 l*-
433 2733 567 2788 ordinatur
586 2733 618 2784 ad
633 2733 854 2796 complementum
869 2749 915 2798 per
929 2737 970 2784 ne·
1061 2739 1216 2792 -llirtotts
1232 2741 1335 2792 maioris
1349 2739 1468 2806 estquod
1484 2739 1554 2804 pellit
1566 2751 1644 2804 quam
1684 2741 1700 2790 tt
1721 2739 1772 2790 746
1793 2739 1854 2792 da

332 2823 455 2878 bilitatem
474 2827 530 2876 sivo
549 2823 765 2876 ordinabiliiaiem
785 2825 803 2874 ll
824 2823 875 2874 843
894 2821 923 2874 5*
936 2851 970 2862 --
1008 2829 1080 2894 quod
1100 2829 1203 2892 pellitur
1222 2829 1250 2880 lli
1269 2829 1321 2880 678
1340 2843 1396 2892 arg.
1417 2829 1432 2880 4
1736 2855 1770 2868 -·
1790 2839 1849 2880 sunt
1869 2829 1973 2894 propria
1994 2829 2109 2880 subiecta
2133 2827 2271 2880 habituum
2291 2829 2319 2880 444

332 2915 466 2968 iaciiitatur
486 2913 587 2976 plosor
607 2911 968 2978 4444444444444444444444444
1061 2943 1095 2954 —
1116 2917 1203 2968 Virtus
1223 2923 1293 2968 tanto
1313 2915 1644 2982 potentior,quantosub·
1682 2917 1901 2970 7l3l.i-esi
1921 2919 2094 2982 susceptibilis
2114 2915 2217 2970 habitus
2236 2917 2319 2970 44600

332 3005 373 3054 444
392 3015 423 3054 ex
450 3009 523 3066 parte
550 3001 714 3064 porrectionis
740 2999 857 3064 licuitne,
878 3000 918 3050 vel
939 3013 968 3050 er
1007 3005 1074 3054 ieeto
1093 3005 1293 3068 propinquiori
1322 3003 1374 3054 633
1393 3003 1475 3054 3⁴²-
1494 3003 1562 3054 nulla
1581 3003 1644 3054 limi·
1682 3005 1772 3068 arg.l
1795 3035 1828 3044 -
1854 3009 1923 3058 eadit
1946 3007 2032 3058 modia
2058 3009 2123 3060 inter
2147 3005 2319 3058 substantiam

332 3099 404 3156 parte
423 3091 599 3152 dispositionis
625 3087 734 3138 subiecti
762 3089 791 3138 ltl
816 3087 868 3138 804
887 3085 916 3138 6*
935 3115 969 3126 -
1008 3097 1074 3144 latur
1093 3093 1119 3144 itt
1138 3097 1228 3144 centro
1247 3105 1309 3156 suo,
1328 3093 1376 3144 sed
1399 3093 1512 3156 attipiitts
1532 3093 1643 3156 potestl
1682 3098 1706 3144 et
1726 3093 1843 3144 habiturn
1863 3095 1880 3144 tl
1899 3093 1950 3146 644
1971 3097 1987 3144 l.
2006 3095 2021 3144 3
2042 3123 2074 3132 -
2096 3101 2181 3158 protest
2198 3095 2316 3160 intelligi,

332 3193 378 3244 per
397 3179 543 3230 laenitatem
566 3177 661 3228 dicitur
680 3177 760 3228 tacitis
778 3177 795 3228 li
818 3177 869 3226 604
882 3177 967 3238 arpi
1007 3179 1059 3232 765
1075 3181 1091 3232 4.
1106 3179 1122 3230 5
1136 3207 1167 3216 —-
1183 3179 1227 3232 obi
1241 3187 1278 3234 esi
1292 3181 1350 3232 sous
1363 3187 1387 3232 et
1399 3183 1474 3244 origo
1488 3189 1512 3232 et
1525 3185 1643 3232 centrum
1682 3183 1878 3244 circumscripto
1898 3183 1970 3234 omni
1990 3183 2077 3236 habitu
2101 3183 2117 3232 li
2138 3183 2187 3234 603
2210 3183 2227 3234 i.
2248 3183 2262 3234 3
2284 3209 2317 3222 -·

330 3295 366 3306 ·-
385 3267 513 3320 9444444444
532 3267 638 3330 signum
657 3271 696 3316 est
715 3265 822 3316 facilitas
840 3263 874 3316 lV
893 3259 969 3314 534*
1007 3269 1089 3332 ipsius
1108 3283 1197 3334 posse,
1216 3283 1322 3334 semper
1341 3269 1406 3320 trltra
1430 3273 1514 3332 potest
1534 3269 1557 3320 V
1575 3269 1642 3318 844
1682 3269 1812 3324 habilitate
1832 3269 1973 3336 aliquando
2000 3283 2096 3322 nomen
2121 3271 2318 3324 hahitussorti-

334 3355 396 3408 Vide
419 3355 447 3412 V.
466 3351 594 3408 Fttctdies
614 3355 638 3404 in
658 3351 744 3404 indice
763 3367 852 3418 gerter.
886 3415 888 3418 Ι
1059 3383 1094 3396 -···
1114 3357 1215 3422 Virtus,
1240 3363 1335 3422 quanto
1365 3357 1643 3420 prophetismum
1681 3365 1722 3412 tur
1742 3361 1758 3410 ll
1779 3359 1829 3410 940
1850 3373 1864 3410 a
1887 3357 1949 3412 Vide
1973 3359 2001 3410 V.
2019 3357 2131 3414 debitus
2152 3355 2227 3424 (460
2246 3357 2273 3424 ir)
2294 3367 2317 3412 et

383 3471 417 3482 -
437 3459 463 3496 44
483 3445 546 3508 ipsis
565 3449 625 3494 sunt
643 3441 743 3494 habiles
760 3441 906 3494 secundum
927 3443 968 3492 ha·
1007 3447 1090 3510 magis
1109 3455 1148 3498 est
1166 3447 1262 3498 44444444
1283 3447 1290 3496 4
1310 3445 1362 3498 765
1382 3447 1398 3496 4.
1419 3447 1443 3498 5.
1462 3447 1480 3498 44
1494 3447 1527 3498 39
1542 3447 1559 3496 4.
1572 3447 1599 3498 3.
1615 3447 1643 3496 lll
1685 3447 1712 3500 V.
1733 3447 1883 3502 luielieeitts
1901 3445 1933 3502 5.

330 3533 399 3586 bitus
424 3531 655 3586 consubstantiales
684 3531 786 3582 4444444
815 3531 831 3582 ΙΙ
863 3533 871 3582 4
897 3531 913 3582 44
933 3559 966 3570 --
1007 3535 1053 3586 694
1077 3549 1134 3600 arg.
1153 3535 1179 3586 4.
1199 3535 1219 3586 V
1241 3535 1272 3588 35
1292 3549 1317 3588 a.
1337 3537 1372 3586 69
1391 3535 1409 3586 4.
1428 3535 1452 3586 6.
1471 3533 1505 3586 75
1528 3535 1545 3586 i.
1564 3535 1590 3584 7.
1610 3534 1636 3585 84
1734 3565 1767 3576 --
1788 3537 1885 3588 iaciiius
1907 3537 2022 3588 44444444
2050 3537 2073 3588 44
2104 3549 2208 3588 summo
2237 3549 2316 3600 quant

330 3623 598 3690 qoaedomrespecto
620 3619 967 3672 alicuiusaetusestt'aeilis
1006 3621 1030 3674 b.
1053 3621 1103 3674 495
1122 3637 1145 3674 a.
1166 3623 1216 3674 340
1236 3623 1262 3674 7.
1280 3623 1547 3688 asoto-Quanto
1560 3623 1642 3676 virtus
1680 3627 1743 3678 citra
1761 3639 1895 3678 summum
1916 3627 1932 3678 ll
1952 3627 2004 3678 643
2024 3641 2049 3678 a.
2069 3625 2122 3678 644
2142 3623 2172 3676 6*
2195 3623 2315 3678 -Cum

329 3713 534 3780 perseipsum,
565 3711 695 3776 quaedam
724 3723 771 3772 per
790 3707 906 3762 habitum
927 3723 966 3760 su·
1006 3719 1044 3764 est
1062 3715 1146 3778 tnagis
1165 3713 1249 3778 unita,
1273 3717 1343 3764 tauto
1372 3713 1540 3764 4444444439
1562 3709 1639 3762 4*-
1680 3713 1821 3780 impeditur
1840 3717 1926 3780 alittua
1954 3717 2038 3766 virius
2061 3715 2209 3780 operativa,
2231 3717 2316 3778 primo

330 3801 511 3866 poraddltum,
530 3799 660 3864 tritaedam
677 3799 834 3864 peripsam,
854 3797 965 3850 sednon
1006 3801 1107 3866 Quanto
1127 3801 1210 3868 aliqua
1231 3803 1315 3852 virtus
1333 3803 1478 3866 potentior,
1500 3809 1569 3856 tanto
1589 3815 1641 3852 nra·
1679 3807 1795 3856 aulertur
1812 3805 1835 3854 ei
1856 3811 1929 3856 actus
1946 3805 1995 3868 ille,
2015 3803 2059 3870 qui
2085 3803 2108 3854 44
2127 3803 2208 3854 444444
2228 3815 2316 3854 secun·

329 3891 425 3952 solani,
454 3889 501 3956 sod
529 3903 560 3938 ex
587 3887 770 3938 coniunctione
799 3887 830 3938 ad
860 3887 965 3948 aiteram
1006 3891 1045 3954 gis
1065 3891 1134 3942 44444
1154 3891 1187 3942 iV
1206 3891 1257 3940 618
1278 3891 1295 3942 4.
1315 3889 1480 3944 i-Vittns
1499 3891 1641 3954 onitaplus
1679 3891 1742 3944 dum
1761 3907 1836 3944 snam
1858 3891 2044 3956 plenitudinem
2063 3891 2081 3942 14
2102 3889 2190 3942 caah

329 3979 470 4044 potentiam
500 3977 517 4026 ll
542 3977 593 4026 603
616 3975 686 4026 b-
704 3975 839 4040 Qttaeriam
861 3975 966 4026 lacultas
1006 3986 1089 4042 potest
1118 3993 1197 4044 quam
1228 3979 1392 4044 multiplicata
1424 3981 1430 4030 l
1460 3979 1510 4032 465
1536 3981 1552 4030 4.
1573 3977 1587 4030 4
1607 4005 1641 4018 ·-
1736 4009 1766 4018 —
1787 3981 1824 4032 444
1845 3981 2002 4032 nobilitatem
2023 3981 2124 4032 uirtutis
2149 3969 2247 4044 spectat
2266 3981 2316 4032 cito

328 4067 435 4120 resultat
452 4079 483 4116 ex
503 4065 686 4116 corriunctiono
704 4077 765 4116 cum
785 4065 864 4116 444444
881 4071 966 4129 poten·
1005 4067 1094 4118 Virtus
1115 4071 1184 4120 444444
1203 4069 1261 4132 plus
1281 4073 1457 4134 troiestquam
1474 4067 1638 4132 multiplicata
1680 4069 1824 4132 producere
1847 4071 1866 4120 V
1886 4069 1920 4120 94
1946 4069 1962 4120 4.
1982 4069 1996 4118 3
2016 4095 2052 4106 -··
2071 4067 2173 4134 Quanto
2189 4069 2315 4136 ¹potentia

327 4157 360 4206 iia
381 4155 397 4204 tl
418 4155 468 4206 599
488 4169 512 4206 a.
532 4153 582 4204 600
602 4151 639 4202 6*.
659 4153 709 4204 603
732 4151 748 4202 44
1004 4157 1028 4206 44
1049 4157 1244 4220 4444444444444
1262 4155 1295 4206 ad
1310 4155 1393 4220 idem,
1409 4169 1458 4206 tton
1483 4155 1514 4208 ad
1537 4155 1639 4208 diversa
1680 4161 1761 4210 maior
1781 4163 1833 4222 est,
1856 4165 1925 4208 latito
1943 4157 2061 4208 velocius
2079 4161 2203 4220 operatur
2225 4155 2241 4206 ΙΙ
2261 4157 2313 4210 634

380 4269 414 4282 -
435 4257 503 4308 44444
521 4249 560 4294 444
578 4239 685 4292 44444444
703 4241 834 4292 sufficiens
848 4247 873 4292 rt
896 4241 965 4294 44444
1006 4245 1022 4296 ΙΙ
1043 4245 1094 4296 564
1115 4243 1142 4294 8*
1161 4245 1296 4296 —lilaior
1323 4243 1404 4296 unitio
1430 4245 1639 4298 dathrrnitatem
1679 4259 1735 4310 444,
1755 4243 1779 4296 4.
1799 4245 1830 4296 lV
1853 4243 1902 4296 448
1922 4245 1968 4296 44
1987 4241 2048 4296 Vide
2064 4243 2094 4296 V.
2107 4245 2315 4298 Moles-moion.

327 4331 406 4384 modo
427 4329 578 4394 dependens
596 4343 609 4380 a
632 4327 759 4392 possibili,
780 4329 963 4396 onme,quod
1004 4341 1028 4386 44
1048 4333 1129 4386 robur
1149 4335 1170 4384 V
1191 4333 1329 4384 l95a-
1350 4333 1439 4384 Virtus
1467 4335 1551 4396 magis
1569 4335 1639 4384 unita
1681 4333 1862 4398 -Quaedam
1876 4335 1985 4385 rirtuios
1997 4331 2146 4396 producunt
2159 4335 2182 4382 44
2198 4339 2315 4398 ternpore

328 4427 426 4486 potest,
446 4431 551 4482 semper
571 4425 669 4482 potest,
691 4419 711 4470 44
732 4419 756 4468 44
782 4431 812 4470 44
835 4419 890 4482 ipsa
912 4431 966 4468 ma-
1005 4423 1090 4472 tniuus
1110 4421 1208 4472 444-4444
1229 4419 1353 4484 obnoxia,
1373 4435 1403 4470 ac
1424 4433 1470 4484 per
1489 4423 1538 4472 hoc
1557 4421 1639 4484 magis
1679 4421 1892 4486 imperceptibili,
1913 4421 2042 4488 4444444444
2060 4421 2162 4486 4444444,
2182 4421 2312 4486 ntraedam

325 4515 385 4562 neat
404 4521 454 4560 non
475 4513 571 4560 mutata
592 4507 600 4556 l
621 4507 673 4558 790
692 4509 783 4570 ares
1003 4519 1041 4562 est
1061 4509 1139 4560 libera
1160 4507 1194 4560 ih.
1214 4509 1232 4560 b
1250 4537 1285 4550 -·
1305 4509 1392 4560 Virtus
1406 4511 1572 4574 magisunita
1587 4523 1639 4560 rna·
1677 4511 1752 4562 simul
1778 4515 1911 4574 tempore,
1929 4509 1987 4562 licet
2016 4511 2145 4574 posterius
2174 4517 2263 4560 natura
2291 4509 2311 4562 V

380 4627 411 4634 -
433 4595 528 4648 habent
547 4593 681 4662 quendam
699 4599 786 4644 acirim
812 4595 963 4646 continuum
1003 4599 1043 4662 gis
1062 4605 1130 4650 tenet
1148 4599 1274 4650 rationem
1304 4599 1381 4662 primi
1410 4599 1550 4650 etsummi
1577 4595 1637 4650 ibid.
1677 4597 1710 4650 94
1731 4599 1782 4650 t.3
1803 4629 1832 4638 —
1856 4599 1989 4664 Quaedam
2008 4611 2103 4650 causae
2126 4603 2268 4662 operantur
2288 4599 2311 4650 in

326 4689 350 4740 44
371 4687 567 4752 4444444444444
585 4685 620 4738 ad
638 4683 811 4736 substantiam
830 4685 847 4736 ll
868 4683 919 4734 643
938 4681 965 4734 4*
1001 4713 1036 4726 ·-·
1056 4687 1143 4740 Virtus
1163 4687 1279 4752 dispersa
1301 4689 1384 4738 minor
1409 4695 1447 4740 est
1465 4689 1492 4738 in
1511 4689 1638 4752 hisquae
1676 4693 1803 4754 tempore,
1823 4689 1954 4754 quaedam
1982 4695 2103 4752 repente,
2122 4685 2252 4752 quaedam
2272 4701 2312 4740 su·

324 4803 360 4814 -
379 4779 514 4828 interiores
533 4777 642 4826 44444444
666 4775 691 4824 44
712 4775 817 4826 44444444
840 4773 965 4836 vigilante
1003 4773 1099 4828 habent
1117 4783 1202 4828 ortum
1223 4775 1256 4828 ait
1280 4777 1381 4840 origine
1406 4775 1541 4828 deiicienie
1559 4775 1566 4826 l
1586 4775 1638 4828 455
1677 4775 2021 4842 bito,ettalisalit1uando
2041 4789 2091 4828 non
2106 4775 2238 4838 praecedit
2250 4781 2311 4826 tem·

325 4879 431 4928 semper
457 4870 517 4916 sunt
543 4865 568 4916 iu
594 4869 651 4916 actu
680 4863 696 4914 ΙΙ
728 4859 826 4914 4805*
850 4859 912 4914 Vide
936 4861 963 4912 V.
1001 4863 1026 4916 d.
1048 4865 1062 4914 6
1088 4863 1149 4918 Vide
1172 4865 1200 4918 V.
1220 4863 1350 4934 Simplex.
1676 4881 1752 4932 pore,
1772 4865 1818 4918 sed
1838 4867 1956 4918 natural
1986 4863 2037 4916 374
2056 4879 2112 4930 arg.
2132 4863 2148 4914 4
2168 4889 2202 4902 -
2223 4863 2310 4916 Virtus

324 4951 399 5008 Aelio
420 4949 495 5008 (400
511 4953 552 5014 tt).
932 4979 934 4986 v
1055 4983 1086 4992 —
1109 4955 1195 5008 Virtus
1214 4955 1298 5006 maior
1310 4965 1350 5008 est
1364 4969 1409 5018 per
1423 4955 1554 5018 unitatem,
1570 4967 1638 5020 quae
1676 4969 1779 5006 summa
1794 4961 1850 5006 nala
1864 4961 1902 5006 est
1916 4955 2016 5016 operari
2032 4951 2117 5004 subito
2130 4959 2156 5004 44
2168 4953 2192 5002 44
2208 4953 2310 5004 44444444

379 5069 411 5078 -
431 5055 459 5094 44
479 5041 557 5094 habet
575 5041 804 5106 proportionaliter
821 5041 855 5092 ad
875 5039 961 5104 opust
1001 5055 1048 5108 per
1066 5055 1093 5094 se
1114 5041 1254 5094 attenditur
1272 5049 1390 5106 respectu
1421 5041 1529 5094 subiecti
1549 5055 1638 5094 secun·
1676 5045 1701 5094 444
1724 5043 1751 5094 94
1777 5059 1832 5108 444.
1851 5043 1866 5094 3
1885 5071 1921 5082 -
1940 5043 2048 5094 Virtutis
2075 5043 2186 5094 intinitae
2206 5049 2231 5092 44
2249 5055 2312 5106 ope·
2390 5109 2393 5118 .

323 5129 371 5182 774
395 5145 451 5196 arg.
480 5133 547 5180 l-
567 5129 696 5182 lleiorltas
718 5129 825 5182 eliectus
851 5131 921 5182 venit
948 5143 961 5178 a
1000 5131 1063 5182 duro
1083 5131 1192 5184 subiecti
1217 5133 1422 5196 simplieitatem,
1442 5145 1490 5196 per
1516 5131 1637 5182 accidens
1676 5133 1754 5184 rantis
1773 5133 1870 5184 4464444
1895 5133 2011 5196 operatio
2040 5137 2078 5184 est
2102 5133 2262 5182 instantanea
2283 5129 2310 5180 lll

324 5219 505 5286 magnitudine
524 5221 627 5270 virtutis
646 5219 653 5268 l
674 5217 723 5268 308
746 5217 963 5270 iit-Necesse
1001 5227 1120 5284 respectu
1139 5219 1234 5272 obiecti
1259 5235 1307 5282 pet
1325 5219 1500 5272 indistantiam
1528 5219 1635 5272 subiecti
1676 5223 1707 5274 39
1729 5221 1744 5270 i.
1765 5221 1835 5286 ab.
1854 5221 1905 5274 895
1925 5235 1938 5272 a
1961 5247 1992 5256 -
2013 5209 2102 5272 Virtus
2130 5219 2228 5272 4404444
2250 5233 2312 5282 ope·

324 5315 375 5376 esi,
398 5309 594 5372 proportionem
614 5321 671 5358 esse
691 5307 819 5370 potentiue
839 5305 963 5358 adobin·
1000 5325 1012 5360 a
1034 5311 1129 5368 virtute
1148 5311 1156 5360 l
1176 5309 1228 5360 639
1248 5307 1276 5360 3*
1673 5315 1745 5362 ratur
1763 5311 1789 5358 in
1808 5311 1923 5374 instanti,
1943 5307 2050 5374 quando
2078 5315 2202 5370 operatur
2222 5319 2310 5358 secun·

324 5404 393 5450 44444
414 5397 432 5448 ll
453 5397 503 5448 459
524 5399 540 5448 i.
563 5397 587 5446 44
619 5393 680 5458 Vide
702 5395 732 5446 V.
751 5397 962 5450 Motus-motor.
1052 5427 1086 5436 -
1107 5411 1158 5450 non
1178 5403 1217 5450 444
1235 5399 1377 5464 simplicior
1394 5411 1474 5464 qtraun
1493 5397 1634 5448 substantia
1674 5397 1737 5448 dum
1756 5399 1905 5464 totalitatem
1926 5411 1989 5448 suae
2008 5397 2310 5460 potentiaeetoperatur

322 5513 358 5524 ·-
378 5487 459 5536 Tanta
480 5487 564 5538 uirtus
583 5487 607 5536 44
633 5491 746 5550 tautum,
770 5491 797 5538 et
825 5485 908 5536 maior
936 5485 960 5534 44
1002 5487 1080 5540 4470
1101 5485 1261 5538 iil-Non
1282 5489 1417 5539 4444444444
1436 5487 1635 5550 simplicissima,
1675 5499 1722 5550 per
1739 5499 1767 5536 se
1787 5485 1814 5536 lll
1835 5487 1867 5536 94
1887 5485 2088 5536 3*-744444444
2102 5483 2186 5534 finitae
2200 5487 2238 5534 esi
2249 5499 2310 5550 ope·

324 5577 424 5636 444444,
443 5579 467 5626 et
487 5575 597 5624 maxilua
618 5575 641 5624 in
663 5575 806 5624 maxirnurn
821 5575 842 5624 V
858 5573 890 5624 60
905 5587 962 5636 arg.
1001 5575 1048 5626 nisi
1067 5577 1143 5628 etiam
1164 5575 1306 5628 substantia
1326 5577 1359 5628 444
1378 5577 1434 5628 talis
1454 5577 1476 5628 V
1495 5575 1527 5626 69
1549 5575 1564 5624 4.
1584 5575 1599 5626 6
1673 5577 1724 5626 4444
1737 5575 1884 5624 successive
1898 5571 1960 5626 tete.
1980 5571 2042 5626 Vide
2060 5571 2088 5624 V.
2102 5569 2175 5626 Aelio
2189 5567 2260 5636 (440
2274 5575 2310 5638 c).

324 5661 500 5728 5-*Qoauto
512 5663 595 5714 virtus
610 5661 738 5724 potentior
749 5667 787 5714 444
800 5663 825 5712 44
839 5663 962 5724 efficacia,
1052 5693 1086 5700 -
1106 5665 1207 5730 Quanto
1227 5663 1325 5730 aliquid
1346 5667 1431 5728 prius,
1451 5671 1521 5716 tanto
1550 5671 1635 5728 poten·
1726 5687 1760 5700 -·
1781 5675 1828 5712 unu
1851 5669 1977 5714 4444444
2004 5673 2055 5712 444
2087 5667 2169 5726 potest
2186 5661 2253 5712 circa
2276 5661 2310 5712 di-

323 5755 393 5802 44444
413 5751 468 5800 eius
489 5751 618 5802 influentia
647 5751 735 5814 potior
753 5753 777 5802 44
798 5751 961 5802 4044444444
1000 5753 1050 5802 44444
1068 5751 1091 5802 V
1114 5753 1163 5802 443
1184 5755 1200 5804 4.
1220 5755 1236 5802 4
1254 5779 1290 5792 -
1308 5753 1411 5818 Qtranto
1431 5753 1556 5816 principia
1577 5757 1636 5802 suni
1673 5763 1749 5802 versa
1769 5757 1794 5802 ei
1811 5751 1937 5802 contrairia
1958 5751 2025 5802 40444
2045 5751 2071 5802 ltl
2091 5749 2136 5802 ait
2156 5745 2184 5800 5*
2202 5747 2263 5802 Vide
2282 5747 2310 5802 V.

323 5839 462 5892 l35a-
482 5839 612 5890 Potentius
630 5849 669 5890 est
692 5841 777 5890 maius
806 5839 886 5892 altero
916 5851 962 5902 per
999 5841 1380 5906 priora,tantopoteottorat
1403 5841 1447 5892 474
1473 5841 1635 5892 4-4444444
1674 5837 1748 5892 Actio
1769 5833 1841 5906 (440
1859 5837 1884 5902 a)
1905 5845 1929 5890 et
1953 5839 1981 5890 V.
1999 5837 2089 5892 Motus
2108 5833 2183 5900 (405
2202 5835 2238 5900 c).

323 5929 546 5992 comparationem
574 5927 608 5978 ad
635 5927 756 5976 ellectum
782 5929 789 5978 l
819 5925 871 5978 345
890 5925 908 5976 b
927 5953 961 5964 -
999 5929 1068 5980 unita
1088 5931 1171 5982 estin
1191 5931 1277 5994 primo
1295 5933 1320 5980 et
1338 5931 1531 5992 simplicissimo
1549 5931 1573 5978 44
1595 5930 1635 5980 all·
1726 5954 1761 5964 -
1780 5941 1831 5978 444
1850 5933 1902 5994 444,
1922 5943 1989 5996 quare
2013 5925 2092 5980 habet
2119 5937 2207 5980 actum
2226 5941 2308 5980 nntrm

323 6019 411 6068 Virtus
430 6025 467 6066 ast
488 6015 616 6080 potentior
634 6021 660 6066 ci
679 6015 774 6080 maior,
794 6031 861 6082 qrtao
876 6021 961 6080 potest
998 6031 1052 6082 quo
1070 6031 1169 6082 genere
1188 6015 1221 6068 tv
1247 6017 1297 6068 608
1316 6015 1388 6068 b-
1408 6017 1562 6080 Simpliciter
1587 6019 1635 6082 prl-
1676 6017 1690 6068 lt
1711 6017 1761 6068 598
1782 6031 1839 6080 arg.
1857 6015 1872 6066 5
1893 6045 1926 6054 -
1946 6019 2025 6068 hctus
2044 6031 2111 6068 unus
2130 6029 2177 6080 per
2196 6031 2225 6066 se
2242 6021 2307 6068 esta

322 6107 346 6156 in
367 6105 478 6170 pluslV
499 6105 584 6156 4304.
605 6103 727 6168 3,h·-
752 6105 887 6170 Quantitas
912 6105 960 6156 vir·
999 6109 1180 6158 mumestita
1203 6105 1635 6172 potens,quod.onminoimmeo·
1674 6107 1787 6172 44444444
1807 6119 1856 6164 nort
1876 6105 1986 6170 simplici
2006 6105 2024 6156 ll
2044 6105 2096 6156 563
2115 6105 2309 6168 arpi-Cu·

323 6197 383 6248 444444
412 6195 524 6258 perlecta
545 6195 568 6246 44
590 6207 687 6258 genero
710 6199 750 6244 est
774 6195 800 6244 in
824 6191 959 6258 omnibus,
998 6209 1057 6246 sum
1077 6196 1093 6247 tl
1117 6195 1148 6248 40
1169 6211 1182 6246 a
1212 6195 1272 6248 Vide
1296 6195 1322 6248 V.
1349 6195 1438 6250 044444
1463 6189 1543 6258 (422
1560 6199 1587 6258 e)
1611 6201 1635 6246 et
1673 6195 1777 6246 inslibet
1796 6195 1923 6258 polentiae
1943 6195 2020 6246 unius
2039 6201 2076 6246 est
2097 6195 2307 6256 ortmnprimom

323 6297 390 6350 uuae
410 6285 560 6348 pertingunt
578 6283 612 6336 ad
632 6289 719 6336 artum
734 6283 908 6348 completum,
928 6283 960 6336 ad
998 6285 1022 6336 in
1043 6283 1128 6338 indice
1147 6297 1236 6348 grener.
1260 6285 1289 6336 V.
1307 6283 1438 6336 Primum.
1673 6291 1758 6336 4444444
1781 6285 1914 6348 assignare
1931 6285 1948 6336 ll
1970 6283 2020 6336 569
2040 6285 2055 6334 4.
2078 6283 2148 6336 4-
2167 6281 2253 6332 Virtus
2268 6295 2308 6332 na·

321 6387 400 6438 quem
421 6375 505 6426 sonti
527 6373 578 6424 317
599 6387 667 6424 a-
691 6373 726 6426 444
745 6373 816 6438 quod
843 6381 882 6424 est
907 6373 960 6424 ulti·
1053 6401 1084 6410 ...
1106 6375 1206 6438 Qtranto
1236 6373 1332 6440 aliquid
1361 6375 1445 6438 tnagis
1465 6375 1632 6438 elongatura
1673 6375 1761 6426 taralis
1781 6387 1830 6424 nou
1850 6371 1913 6426 dicit
1931 6379 2027 6424 tautam
2055 6371 2307 6436 approximationem

322 6475 394 6514 mum
415 6465 572 6526 inpotentia
593 6461 654 6514 nihil
675 6469 713 6514 est
740 6465 822 6516 ninius
849 6477 895 6516 nec
920 6477 960 6514 44·
999 6465 1119 6528 materia,
1140 6471 1209 6516 tanto
1230 6465 1385 6528 potentiosi
1406 6465 1458 6514 344
1479 6461 1506 6516 3*
1672 6463 1705 6516 ad
1725 6467 1809 6512 actum
1831 6463 1895 6514 sicut
1914 6463 1995 6516 virtus
2015 6461 2127 6522 moralis,
2147 6459 2191 6510 sed
2213 6465 2250 6510 est
2269 6473 2308 6510 ea·

320 6551 453 6602 cellentius
474 6549 568 6602 441744
593 6551 685 6612 aerea
1049 6555 1152 6604 -Per
1180 6553 1338 6606 additionem
1366 6561 1390 6604 et
1419 6537 1633 6616 compositionem
1673 6551 1733 6604 dem
1751 6549 1785 6602 ad
1805 6549 1923 6604 diversos
1941 6549 1976 6602 lV
1994 6549 2046 6600 344
2065 6547 2094 6600 3*

374 6665 408 6678 --
428 6645 525 6706 quamn
539 6639 677 6704 potentior,
694 6647 763 6690 tauto
777 6643 802 6692 in
817 6641 890 6706 plura
906 6645 960 6704 pnt-
999 6643 1111 6704 partium
1131 6641 1406 6694 nraterialium‘vitios
1430 6643 1566 6706 minuitur,
1588 6657 1634 6708 per
1724 6667 1759 6678 -
1778 6655 1846 6708 qtrae
1865 6639 1961 6692 habent
1979 6639 2048 6690 idem
2068 6639 2199 6690 obiectum
2219 6643 2243 6688 ei
2257 6635 2307 6690 sub

320 6733 360 6776 est
379 6727 394 6776 ll
415 6729 447 6780 49
467 6741 492 6780 a.
511 6729 544 6780 39
564 6727 581 6780 i.
601 6729 616 6780 3
635 6757 671 6764 -
690 6729 959 6782 94444444444444444
998 6729 1241 6792 multiplicationem
1269 6731 1381 6794 partium
1411 6731 1558 6782 lorntalium
1577 6733 1633 6784 sive
1671 6729 1762 6782 eadem
1784 6731 1894 6792 44444444,
1916 6741 1965 6780 444
1985 6729 2081 6780 habent
2099 6727 2274 6778 diversitatem
2289 6727 2306 6778 ll

319 6815 362 6864 cui
387 6819 475 6868 omnia
495 6815 718 6882 soutpossibilia,
738 6831 806 6884 quae
826 6831 903 6882 posse
921 6827 960 6870 444
997 6821 1141 6870 scrivarum
1172 6819 1198 6870 tit
1225 6821 1355 6884 potentior
1378 6817 1457 6870 4344
1478 6819 1506 6868 3*
1524 6845 1560 6858 ·-
1581 6821 1633 6872 Vir·
1671 6819 1723 6872 565
1736 6807 1830 6870 tt'-
1848 6819 1923 6870 notra
1944 6819 2022 6870 relata
2042 6815 2075 6868 ad
2097 6827 2177 6866 unum
2198 6819 2307 6878 possunt

320 6905 449 6964 potentiae
470 6903 734 6956 notirtrstistai-
754 6905 958 6960 ruatximamulta
998 6919 1039 6960 tus
1058 6909 1089 6958 in
1112 6907 1293 6972 corporalibus
1321 6907 1501 6972 magnthcatur
1526 6921 1554 6960 ex
1574 6921 1633 6972 pur·
1670 6909 1758 6972 attingi
1780 6907 1812 6960 ab
1832 6921 1882 6958 rina
1902 6909 1997 6958 uirtute
2018 6907 2046 6956 lll
2066 6903 2112 6956 694
2141 6901 2166 6954 4*
