5784 8384
876 681 927 734 th'l]
1261 599 1544 668 subruurtlrtuu
1568 601 1909 670 pultosuplllulnuu
2249 689 2298 742 le
2513 595 2577 664 443

590 765 732 830 impeditur
758 767 782 818 in
811 781 917 832 somno,
944 769 967 818 iu
998 779 1123 836 quantum
1143 779 1227 826 motus
1265 777 1415 830 collectione
1445 779 1633 844 proprietatum
1660 779 1806 832 secundum
1828 781 1905 832 ratio·
1996 807 2028 818 -·
2049 779 2147 832 lntinito
2168 779 2228 830 nihil
2252 779 2337 830 maius
2356 781 2393 830 est
2415 775 2487 830 4774
2517 777 2535 828 4.
2555 775 2578 826 4.

590 853 803 916 phantasmatum
824 859 861 904 est
882 857 1003 908 naturalis
1021 855 1082 912 ibid.
1116 859 1176 914 Vide
1200 861 1227 914 V.
1266 875 1325 914 narn
1344 867 1579 932 etcognitionem,
1600 881 1650 920 non
1680 869 1822 920 secundum
1849 881 1902 920 rem
1942 869 1958 920 ll
1979 869 2012 920 20
2032 869 2049 920 4.
2068 869 2094 920 4.
2113 869 2139 920 lll
2161 867 2210 920 279
2232 869 2249 920 l.
2267 867 2293 920 4.
2310 867 2344 918 47
2364 865 2415 918 394
2434 879 2490 932 arg.
2508 865 2524 916 2
2545 891 2579 902 -

590 939 710 994 Somnus
728 947 754 994 et
776 939 804 992 V.
824 941 966 996 Somnium
986 947 1011 998 in
1032 947 1119 1000 indice
1138 963 1227 1014 gener.
1267 949 1283 1002 ll
1307 953 1356 1004 407
1376 953 1405 1004 2*
1430 951 1491 1006 Vide
1512 953 1542 1006 V.
1566 953 1695 1010 Accidens
1717 951 1792 1020 (407
1817 953 1839 1020 b,
1868 959 1903 1020 4).
1941 957 2040 1008 infinito
2059 965 2169 1010 nonest
2193 959 2277 1008 maius
2303 957 2319 1006 ll
2340 955 2390 1008 430
2419 953 2455 1008 3*.
2480 953 2505 1006 lll
2528 951 2579 1006 323

644 1055 679 1066 -
698 1027 817 1092 Cognitio
836 1031 1007 1094 insaginativa
1020 1037 1163 1088 nonhabet
1176 1051 1227 1090 cer·
1321 1067 1354 1076 -
1373 1039 1422 1094 Ubi
1433 1051 1470 1094 est
1485 1043 1648 1110 particulare,
1661 1045 1698 1096 ibi
1710 1051 1749 1096 est
1761 1047 1845 1096 lorma
1863 1043 1902 1096 vel
1940 1043 1967 1096 4.
1988 1045 1998 1096 4
2021 1073 2057 1082 -
2074 1045 2143 1098 Ultra
2158 1043 2286 1098 inlinitum
2301 1059 2348 1110 per
2366 1043 2538 1108 privationem
2552 1041 2579 1092 li·

590 1115 725 1168 titudinem
749 1119 768 1168 V
788 1115 822 1168 23
842 1115 888 1168 40*
901 1145 939 1158 -
955 1129 994 1174 est
1013 1127 1170 1190 principium
1190 1139 1227 1178 er·
1265 1135 1358 1180 natura
1376 1137 1402 1182 ut
1423 1133 1463 1182 hic
1483 1139 1508 1184 et
1525 1145 1595 1184 nunc
1615 1133 1623 1184 Ι
1642 1131 1693 1184 338
1712 1133 1731 1184 4.
1750 1133 1812 1184 3-
1824 1145 1903 1184 omne
1941 1133 2079 1184 mltationis
2099 1147 2148 1186 non
2170 1139 2207 1184 est
2227 1133 2310 1184 maius
2328 1133 2442 1196 cogitare
2462 1133 2471 1184 l
2491 1131 2523 1182 39
2550 1127 2578 1182 3*

591 1205 657 1254 roris
676 1205 693 1254 ll
716 1205 765 1256 489
784 1217 841 1268 arg.
861 1207 877 1256 2
896 1233 930 1246 ·-
950 1207 1009 1262 lacit
1027 1211 1224 1280 deceptionem,
1265 1223 1305 1268 est
1324 1219 1366 1268 ltic
1384 1223 1408 1268 et
1431 1221 1524 1272 nuncl
1547 1219 1596 1270 642
1618 1221 1634 1272 i.
1653 1221 1680 1272 3.
1697 1219 1749 1272 643
1768 1235 1825 1286 arg.
1848 1221 1873 1274 4.
1886 1223 1903 1272 ll
1941 1247 1977 1260 -
2004 1221 2110 1274 infinitis
2138 1233 2189 1274 non
2215 1229 2253 1272 est
2282 1235 2378 1286 ponere
2407 1219 2491 1286 aliqua
2519 1229 2577 1270 esse

589 1291 742 1356 accipiendo
763 1293 798 1342 rei
827 1295 1022 1350 similitudinem
1052 1315 1101 1364 pro
1121 1303 1227 1354 veritate
1264 1301 1299 1356 73
1319 1303 1344 1356 b.
1365 1305 1416 1358 303
1435 1319 1492 1370 arg.
1512 1305 1535 1358 4,
1557 1307 1587 1358 47
1609 1309 1659 1360 220
1679 1309 1764 1372 argi
1796 1337 1830 1346 —
1850 1305 1903 1362 Hoc
1941 1307 2113 1370 44444369
2132 1311 2149 1360 l.
2170 1307 2184 1360 4
2202 1309 2328 1360 -nullo
2349 1307 2427 1362 modo
2445 1307 2577 1360 exceditur

588 1381 606 1430 ll
629 1379 678 1430 228
698 1379 723 1432 b.
745 1379 795 1430 229
819 1377 852 1430 4*.
878 1381 930 1434 339
955 1397 1012 1450 arg.
1031 1387 1056 1438 4.
1076 1387 1098 1438 V
1123 1389 1173 1440 344
1193 1389 1226 1442 24
1265 1391 1362 1458 aliquid
1382 1399 1421 1444 est
1434 1397 1475 1446 hic
1488 1401 1512 1446 et
1529 1409 1612 1460 nunc,
1627 1397 1686 1460 quia
1700 1397 1902 1448 contractionem
1940 1397 1947 1448 l
1967 1397 2019 1448 763
2039 1411 2097 1462 arg.
2116 1399 2141 1448 2.
2162 1397 2214 1448 770
2234 1395 2262 1448 3*
2281 1425 2315 1436 -
2333 1411 2364 1450 ex
2381 1411 2413 1448 ea
2426 1402 2511 1462 parte,
2526 1407 2577 1462 qua

593 1465 654 1520 Vide
674 1467 702 1518 V.
716 1467 814 1520 Error.
828 1495 862 1508 -·
876 1471 1055 1526 phantesmata
1069 1489 1117 1540 per
1136 1475 1227 1528 iortem
1265 1479 1342 1530 habet
1362 1481 1409 1532 loci
1430 1487 1454 1532 et
1473 1485 1599 1546 temporis
1619 1481 1641 1532 V
1661 1483 1694 1534 83
1715 1481 1760 1534 44*
1773 1511 1808 1522 -
1826 1487 1902 1538 estin
1940 1485 2067 1538 inlinitum
2086 1493 2132 1550 est,
2153 1499 2203 1538 non
2225 1485 2303 1538 habet
2319 1481 2454 1538 excessum
2474 1487 2492 1536 ll
2512 1487 2541 1536 24
2560 1485 2577 1536 4.

589 1557 786 1608 conversionem
816 1559 961 1612 intentionis
984 1563 1107 1616 videntur
1132 1567 1227 1618 veritas
1268 1579 1321 1616 uno
1333 1567 1390 1620 loco
1404 1571 1561 1634 tautum,in
1573 1583 1628 1634 quo
1640 1571 1762 1624 delinitur
1775 1571 1810 1622 lV
1823 1573 1901 1624 2244
1941 1573 1950 1622 4
1976 1587 2079 1626 —non
2106 1581 2143 1626 est
2163 1575 2249 1626 minus
2272 1571 2370 1626 infinito
2387 1587 2419 1624 ex
2438 1587 2468 1624 ea
2489 1579 2574 1636 parte,

588 1643 606 1694 ll
627 1643 678 1696 229
698 1655 711 1694 4
1318 1681 1353 1692 -
1373 1657 1396 1706 in
1410 1659 1536 1718 creaturis
1550 1659 1651 1708 realiter
1665 1659 1737 1712 addit
1748 1673 1827 1724 supra
1841 1657 1904 1712 sub·
1940 1673 1992 1724 qua
2011 1661 2138 1714 inlinitum
2160 1661 2177 1712 ll
2197 1661 2248 1712 833
2267 1661 2286 1712 b

641 1757 677 1770 -
696 1739 734 1784 est
753 1733 825 1784 sortis
843 1733 868 1784 in
888 1733 1000 1786 nohisV
1019 1737 1067 1790 334
1093 1739 1174 1790 tl-
1190 1739 1228 1790 ll·
1265 1743 1384 1792 stantiam
1403 1743 1413 1792 l
1433 1741 1531 1794 4404*
1556 1743 1617 1796 Vide
1643 1745 1674 1798 V.
1697 1745 1855 1800 Substantia
1878 1759 1903 1802 et
1992 1775 2028 1788 -·
2048 1749 2159 1802 Omnino
2186 1751 2313 1802 immenso
2340 1751 2402 1802 nihil
2427 1753 2510 1814 potest
2535 1763 2577 1800 aa·

588 1819 681 1872 beuter
701 1823 778 1870 homo
798 1823 945 1884 negotiator
962 1825 1030 1878 circa
1051 1839 1081 1880 ea
1096 1841 1168 1892 ¹quae
1188 1841 1227 1878 ca·
1270 1827 1299 1878 V.
1318 1825 1456 1882 Disit‘nctio
1478 1827 1554 1894 (459
1572 1831 1596 1898 b,
1618 1833 1650 1884 44
1670 1835 1797 1898 principio
1809 1835 1903 1886 44444-
1939 1839 2014 1902 quari
2036 1837 2058 1890 V
2075 1837 2111 1890 79
2129 1837 2145 1888 l.
2167 1837 2191 1890 7.
2210 1839 2239 1890 84
2263 1839 2334 1890 b-
2353 1841 2509 1892 immensum
2524 1851 2575 1890 noo

589 1907 653 1958 dunt
673 1907 699 1958 in
717 1909 902 1974 imaginatione
921 1907 984 1964 litu.
1266 1913 1395 1966 ductionis
1415 1913 1479 1970 440
1498 1931 1519 1970 4.
1538 1915 1598 1972 444
1617 1933 1644 1986 4,
1666 1919 1701 1986 4).
1939 1931 2099 1988 potestesse
2126 1927 2211 1976 maius
2241 1941 2289 1978 nee
2315 1929 2402 1978 minus
2427 1925 2576 1978 nechabet

646 2025 675 2032 —
697 1997 801 2060 Species
820 2011 871 2050 non
890 2001 1011 2054 videntur
1029 2003 1065 2054 ab
1077 2015 1179 2066 organo
1193 2003 1228 2054 in·
1319 2029 1354 2040 -
1373 2013 1434 2054 sum
1453 2007 1565 2058 manime
1583 2011 1728 2074 composita
1749 2011 1755 2060 l
1776 2009 1826 2060 467
1847 2027 1902 2076 arg.
1939 2011 2045 2078 aliquod
2063 2013 2174 2078 aequale
2192 2015 2214 2064 V
2235 2013 2266 2066 97
2288 2013 2305 2066 l.
2324 2011 2353 2068 7.
2369 2011 2430 2066 Vide
2446 2013 2477 2066 V.
2489 2011 2576 2084 blopis

588 2087 675 2138 teriori
690 2087 793 2150 regredi
812 2087 844 2140 ad
865 2103 961 2154 organa
975 2093 1101 2144 exteriora
1117 2091 1134 2144 ll
1148 2091 1226 2142 2294
1265 2087 1291 2142 4.
1312 2089 1362 2142 446
1382 2089 1410 2142 3*
1939 2099 1965 2150 in
1985 2099 2069 2150 lodice
2089 2115 2179 2164 gener.

642 2201 675 2210 —
696 2177 729 2228 Ex
750 2177 897 2230 diversitate
917 2179 942 2228 in
964 2179 1149 2244 imaginatione
1168 2193 1228 2232 cau·
1319 2205 1355 2216 -
1374 2191 1425 2228 nou
1444 2185 1484 2230 est
1502 2179 1632 2234 definibile
1650 2185 1670 2236 ll
1691 2185 1740 2236 449
1759 2199 1817 2252 arg.
1835 2189 1852 2238 2
1993 2213 2027 2224 --
2046 2189 2206 2252 impossibile
2226 2195 2262 2240 est
2282 2189 2379 2240 inllnlto
2399 2189 2460 2242 addi
2474 2189 2490 2240 ll
2511 2191 2545 2240 20
2558 2189 2576 2240 i.

587 2267 659 2312 satur
679 2263 795 2316 delectus
820 2273 892 2318 actus
917 2267 1075 2332 intelligendi
1095 2267 1113 2318 ll
1140 2265 1227 2318 4464)
1318 2293 1354 2304 -
1373 2265 1446 2318 Ratio
1464 2267 1593 2320 individui
1607 2277 1644 2322 est
1664 2277 1810 2324 communis
1823 2275 1903 2338 pluri·
1942 2273 1950 2324 4
1974 2301 2010 2312 -
2030 2287 2080 2324 non
2101 2281 2185 2340 potest
2201 2279 2294 2342 augeri
2312 2291 2361 2340 per
2387 2277 2548 2330 additionem
2567 2279 2575 2328 l

592 2347 654 2402 Vide
675 2351 701 2402 V.
715 2351 867 2408 intellectus
881 2349 923 2406 lt.
945 2381 976 2390 -
997 2355 1065 2406 Usus
1078 2357 1227 2418 phantasiae
1265 2353 1316 2406 bus
1342 2355 1460 2406 eiusdem
1488 2357 1590 2420 generis
1616 2363 1639 2408 et
1664 2361 1741 2410 etiam
1768 2362 1902 2426 analogice
1940 2361 1991 2412 342
2010 2359 2049 2414 2*.
2067 2363 2090 2410 V
2109 2361 2142 2414 79
2163 2363 2577 2432 intemperamentum

587 2435 711 2492 absorbet
740 2453 816 2492 usum
835 2443 942 2492 rationis
967 2451 1075 2506 propter
1094 2441 1229 2494 infirmita·
1265 2441 1425 2494 substantiae
1444 2449 1468 2494 44
1493 2445 1550 2496 elus
1573 2445 1750 2500 accidentibus
1778 2447 1902 2500 44444)
1939 2449 1965 2500 in
1986 2447 2070 2500 indice
2091 2463 2180 2514 gener.
2198 2451 2228 2502 V.
2246 2449 2458 2504 Aquilio-lh
2478 2453 2575 2506 infinito

588 2533 640 2578 444
659 2537 767 2582 naturae
785 2531 805 2582 ll
824 2529 874 2580 486
894 2527 923 2580 4*
941 2557 975 2568 —·
997 2529 1130 2582 phantasia
1143 2531 1229 2582 obnu-
1265 2557 1302 2570 —
1319 2537 1359 2582 est
1376 2543 1516 2582 commune
1529 2533 1676 2584 secundum
1689 2537 1815 2586 rationem
1828 2535 1837 2584 l
1851 2535 1901 2588 443
1940 2536 2001 2587 nihil
2019 2535 2143 2588 adimitur
2162 2537 2193 2588 lV
2215 2537 2265 2590 355
2285 2539 2301 2588 i.
2319 2539 2335 2588 9

586 2615 648 2666 bilat
668 2617 793 2668 rationem
814 2615 902 2668 Villi
924 2617 957 2670 24
1265 2633 1290 2682 a,
1312 2615 1340 2670 2*
1361 2645 1392 2654 -·
1412 2625 1440 2672 ut
1458 2621 1608 2672 communis
1625 2621 1731 2672 intentio
1750 2607 1800 2672 non
1814 2621 1905 2674 ‹listin-
1992 2649 2028 2660 -
2045 2623 2125 2674 vincit
2142 2629 2287 2688 etsuperat
2299 2627 2399 2678 linitum
2419 2627 2433 2678 ll
2456 2627 2505 2678 474
2519 2643 2575 2694 arg.

640 2705 828 2756 -phantasia
848 2711 938 2758 movet
959 2715 984 2758 et
1005 2707 1110 2760 inclinat
1128 2705 1160 2758 ad
1187 2721 1228 2760 ex·
1266 2707 1334 2772 guit,
1356 2705 1400 2758 sed
1421 2707 1611 2760 distinctionem
1624 2711 1648 2760 in
1664 2709 1827 2762 inlerioribus
1841 2723 1903 2774 sup·
1942 2709 1950 2756 l
1977 2737 2009 2746 -
2029 2709 2321 2774 improportionablliter
2334 2715 2433 2766 excedit
2452 2713 2575 2768 linituml

587 2795 682 2846 teriora
703 2795 723 2844 V
745 2795 795 2844 366
816 2795 830 2844 8
985 2807 987 2810 ·
1265 2795 1337 2858 ponit
1357 2795 1365 2846 l
1384 2795 1435 2846 373
1455 2793 1485 2858 4*
1940 2793 1992 2848 764
2011 2799 2028 2850 l.
2048 2799 2073 2850 3.
2094 2799 2121 2850 lll
2140 2797 2191 2850 279
2212 2799 2238 2852 b.
2257 2801 2308 2852 343
2327 2813 2384 2864 arg.
2397 2803 2421 2852 2.
2435 2799 2459 2852 V
2472 2801 2505 2852 32
2518 2817 2574 2868 arg.

641 2883 789 2934 lumvrnuuu
817 2909 849 2918 -·-
875 2881 1008 2948 estquod
1033 2883 1067 2936 de
1095 2897 1147 2936 uuo
1173 2885 1228 2936 solo
1318 2909 1354 2922 -
1374 2885 1446 2948 plura
1466 2889 1526 2938 sunt
1546 2887 1570 2936 in
1591 2899 1641 2937 una
1662 2887 1748 2950 specie
1768 2887 1790 2938 V
1809 2885 1843 2936 64
1857 2885 1902 2936 43
1940 2885 1965 2936 8.
1985 2885 2017 2936 34
2038 2885 2109 2938 b-
2126 2899 2159 2938 eo
2183 2887 2253 2952 ipso,
2274 2887 2346 2954 quod
2371 2887 2498 2940 infinitum
2524 2899 2574 2954 est,

587 2969 778 3032 praedicaturl
800 2969 849 3022 337
869 2985 927 3038 arg.
950 2973 976 3024 2.
995 2971 1021 3024 ill
1043 2971 1093 3024 433
1115 2971 1149 3024 4*.
1176 2973 1227 3026 230
1264 2971 1455 3026 —cuiuslibet
1475 2975 1641 3038 specieisunt
1661 2973 1755 3026 inlinita
1777 2975 1802 3026 in
1815 2981 1904 3038 poten·
1940 2971 2001 3026 dicit
2019 2987 2160 3026 excessum
2174 2975 2430 3040 improportionalem
2454 2983 2574 3040 respectu

586 3071 642 3122 arg.
663 3059 678 3110 3
698 3083 732 3096 -
752 3065 930 3124 quantumest
943 3059 975 3112 44
995 3075 1032 3126 se,
1048 3063 1141 3114 dicitur
1154 3063 1226 3128 quod
1265 3061 1297 3110 tia
1317 3059 1340 3110 V
1361 3061 1392 3112 38
1412 3075 1468 3126 arg.
1491 3061 1521 3114 44
1940 3061 2077 3116 cuiuslibet
2103 3062 2167 3116 liniti
2190 3063 2214 3114 V
2234 3063 2266 3116 36
2293 3061 2338 3114 43*
2359 3089 2394 3102 --
2420 3063 2515 3116 4444444
2542 3065 2576 3116 44

586 3147 670 3198 estin
691 3161 744 3200 uno
762 3149 817 3200 solo
836 3149 843 3200 l
865 3149 915 3200 483
936 3147 963 3200 2*
1317 3149 1445 3202 lnrrnrruu
1462 3177 1499 3188 —
1516 3157 1557 3204 est
1573 3153 1648 3204 cuins
1668 3153 1836 3218 quantitatem
1863 3163 1904 3202 ac·
1940 3149 2040 3204 linitum
2060 3151 2163 3218 reduci,
2182 3161 2222 3206 est
2240 3149 2400 3218 impossibile
2420 3153 2425 3202 l
2444 3151 2496 3204 772
2516 3153 2535 3204 b

639 3263 675 3274 -
695 3235 788 3288 dieitur
809 3239 879 3302 quod
897 3245 937 3290 est
954 3239 1096 3292 indivisum
1110 3241 1135 3290 in
1154 3253 1184 3294 se
1200 3247 1227 3294 et
1263 3235 1420 3302 cipiantibus
1439 3253 1544 3304 semper
1562 3249 1602 3294 est
1620 3239 1685 3294 ultra
1703 3241 1822 3304 accipere
1842 3241 1851 3290 l
1868 3239 1901 3290 38
1993 3267 2028 3278 -
2051 3241 2177 3306 accipitur
2195 3241 2340 3294 secundum
2360 3241 2529 3308 quantitatem
2547 3239 2575 3292 lll

586 3323 621 3376 ab
640 3323 828 3378 aliisdlvisum
848 3327 876 3378 lll
903 3325 952 3378 424
975 3341 1032 3392 arg.
1061 3329 1161 3380 2.,433
1190 3327 1226 3380 4*.
1262 3339 1320 3390 arg.
1340 3325 1473 3380 47644.
1495 3329 1518 3380 l.
1546 3329 1631 3380 7694
1661 3357 1693 3366 -
1713 3333 1783 3380 caret
1802 3327 1853 3380 line
1877 3335 1903 3380 et
1939 3328 1987 3380 304
2009 3343 2025 3380 4
2044 3355 2078 3368 -·-
2098 3337 2124 3380 ut
2136 3329 2263 3380 inlinitum
2279 3329 2393 3380 nominat
2412 3329 2574 3394 quantumV

587 3413 634 3464 234
658 3413 730 3464 b-
758 3414 925 3467 individuum
945 3413 1225 3470 dicitincommunica·
1262 3415 1374 3466 termino
1392 3415 1422 3466 lll
1442 3415 1493 3468 279
1511 3415 1530 3468 i.
1555 3417 1569 3468 3
1595 3443 1629 3456 -··
1655 3417 1748 3470 dicitur
1772 3417 1902 3482 privative
1938 3415 1973 3466 37
1993 3415 2091 3468 49*-
2110 3425 2148 3470 est
2168 3419 2253 3482 passio
2267 3415 2499 3482 quantitattsliou
2519 3431 2574 3482 arg.

586 3497 711 3554 bilitatem
732 3515 779 3566 per
799 3503 1032 3570 praedicationem,
1055 3519 1102 3568 per
1121 3517 1226 3570 compo·
1262 3511 1381 3566 respectu
1401 3503 1465 3554 liniti
1487 3505 1493 3556 Ι
1512 3503 1563 3554 769
1583 3519 1638 3568 arg.
1663 3507 1688 3556 6.
1706 3505 1730 3554 7
1748 3503 1783 3554 79
1808 3503 1895 3570 argi
1940 3503 1965 3556 4.
1985 3503 2005 3554 V
2026 3505 2058 3554 80
2078 3503 2169 3568 argi
2202 3527 2204 3532 v

587 3591 706 3644 sirionem
726 3599 753 3644 et
770 3605 818 3656 per
836 3593 959 3644 unionem
980 3591 1055 3644 4440
1074 3591 1100 3644 b.
1121 3593 1146 3644 lll
1175 3593 1224 3644 423
1260 3617 1296 3626 -
1316 3589 1410 3644 dicitur
1429 3605 1476 3656 per
1495 3591 1693 3656 abnegationem
1713 3593 1771 3644 linis
1791 3594 1799 3643 l
1816 3591 1900 3644 76944
1991 3621 2026 3632 -
2045 3591 2575 3656 infinitasvenirexpartemateriae1765

587 3677 617 3728 2*
634 3707 670 3716 -
689 3681 812 3744 importat
829 3677 1020 3732 distinctionem
1040 3681 1224 3744 singularitatis
1261 3705 1297 3716 ·-
1316 3677 1410 3730 dicitur
1429 3681 1500 3746 quod
1513 3695 1564 3732 non
1579 3679 1658 3734 habet
1672 3683 1810 3734 terminum
1825 3681 1832 3732 l
1849 3679 1900 3732 764
1938 3695 1995 3746 arg.
2013 3681 2039 3732 3.
2058 3679 2081 3730 V
2100 3679 2133 3734 79
2148 3695 2205 3746 arg.
2228 3683 2290 3732 p·-
2303 3681 2427 3746 lnlinitas,
2440 3693 2507 3746 quae
2521 3681 2576 3732 lun·

586 3773 612 3818 et
628 3765 927 3820 inconrmunicabilitatis
941 3767 1032 3818 444433
1048 3767 1225 3820 4*-44444-
1261 3767 1277 3816 4.
1300 3767 1323 3818 4.
1343 3767 1364 3818 V
1385 3767 1400 3818 4
1420 3783 1477 3832 arg.
1496 3769 1520 3820 3.
1547 3767 1579 3818 90
1601 3767 1629 3818 4*
1652 3797 1688 3808 -
1711 3767 1823 3820 lnllnitas
1850 3781 1899 3820 non
1938 3769 2015 3820 datur
2039 3783 2119 3832 super
2144 3771 2311 3836 quantitatem
2337 3767 2424 3832 molis,
2449 3767 2519 3818 venit
2544 3779 2576 3818 ex

587 3853 651 3906 dum
672 3845 773 3922 aliquos
787 3869 837 3908 non
853 3857 934 3920 ponit,
947 3857 994 3908 sed
1008 3857 1094 3920 privat
1109 3857 1116 3906 l
1130 3855 1182 3908 440
1196 3853 1224 3908 4*
1260 3863 1313 3920 est,
1332 3853 1378 3906 ubi
1397 3863 1436 3908 est
1454 3857 1602 3908 terminatio
1622 3857 1627 3906 l
1648 3855 1682 3908 33
1701 3857 1718 3908 l.
1738 3857 1752 3908 2
1938 3861 2011 3918 parte
2037 3855 2173 3920 materiae,
2197 3869 2247 3908 nou
2273 3863 2373 3920 autem,
2394 3853 2499 3920 quando
2519 3855 2576 3908 lun-

592 3941 653 3996 7444
677 3943 706 3994 V.
724 3943 843 3998 Persona
858 3939 935 4010 (bes
946 3947 972 4010 4)
991 3947 1015 3996 44
1028 3943 1116 3998 lndlce
1134 3957 1223 4010 gener.
1313 3943 1392 3994 -in
1414 3949 1530 3994 caeatma
1552 3941 1613 3994 dicit
1625 3945 1798 4006 privationem
1811 3957 1901 4008 respe-
1938 3943 2014 3998 datur
2039 3959 2118 4008 supra
2144 3943 2313 4010 quantitatem
2333 3945 2432 3996 virtutis
2453 3943 2474 3996 V
2493 3943 2528 3996 82
2547 3941 2576 3994 2*

638 4059 675 4070 -
693 4031 788 4084 dicitur
808 4033 878 4098 quod
903 4039 942 4086 est
965 4033 1108 4086 indivisum
1133 4035 1158 4082 in
1181 4047 1221 4098 se,
1261 4037 1303 4082 ctu
1322 4029 1386 4082 liniti
1406 4031 1552 4082 secundum
1564 4043 1620 4082 rem
1633 4037 1659 4082 et
1673 4031 1782 4082 modum
1796 4029 1899 4082 dicendi
1939 4059 1973 4068 -
1986 4031 2098 4082 lnllnitas
2116 4045 2148 4082 ex
2167 4031 2266 4082 delectu
2288 4031 2451 4094 perfectionis
2466 4037 2504 4082 est
2519 4043 2577 4094 pas·

586 4121 645 4186 quia
668 4121 760 4173 dicitur
779 4121 813 4172 de
831 4135 885 4172 tino
897 4121 968 4186 solo,
989 4121 1028 4172 444
1048 4121 1119 4188 quod
1138 4121 1224 4174 estab
1262 4117 1268 4168 Ι
1289 4117 1341 4170 770
1362 4115 1397 4170 6*.
1419 4119 1440 4170 V
1460 4119 1494 4170 82
1514 4117 1542 4168 4*
1937 4119 1977 4172 sio
1991 4131 2154 4184 consequens
2172 4119 2307 4170 materiam
2325 4121 2334 4172 l
2354 4117 2387 4168 39
2408 4115 2444 4168 3*.
2465 4117 2509 4170 364
2536 4115 2574 4168 4*.

585 4211 640 4262 aliis
660 4209 773 4262 divisum
794 4217 819 4262 et
837 4209 955 4262 subsistit
973 4211 999 4262 in
1025 4223 1054 4262 se
1072 4217 1098 4262 et
1124 4225 1171 4274 per
1194 4223 1223 4262 se
1314 4235 1350 4274 ε-
1370 4207 1438 4258 4044
1457 4205 1538 4260 4444
1557 4211 1596 4258 est
1614 4211 1740 4260 arctatum
1764 4213 1791 4260 et
1808 4205 1900 4258 limita·
1937 4205 1989 4258 642
2010 4205 2047 4258 4*.
2063 4205 2116 4256 766
2136 4203 2175 4256 3*.
2192 4205 2211 4256 ll
2233 4205 2283 4256 400
2300 4205 2326 4256 b.
2348 4205 2393 4256 404
2417 4201 2446 4256 7*

585 4297 615 4350 lll
635 4297 681 4348 234
705 4311 718 4348 4
738 4295 946 4350 -substantiae
958 4307 998 4352 est
1010 4297 1079 4350 idern
1093 4297 1165 4364 quod
1178 4301 1226 4364 hy·
1262 4301 1316 4348 tum
1337 4297 1359 4348 V
1381 4295 1413 4346 42
1434 4297 1449 4346 l.
1470 4295 1698 4361 7-simplieiter
1717 4301 1755 4346 ast
1775 4295 1899 4362 quodca·
1989 4293 2139 4358 -Omne,
2160 4293 2575 4360 quodestaetuinilnitum‚est

587 4385 723 4448 postasisl
746 4383 795 4436 439
815 4399 871 4450 arg.
890 4385 916 4436 3.
935 4385 960 4436 444
983 4386 1033 4437 230
1052 4399 1110 4450 arg.
1130 4387 1153 4438 4.
1174 4385 1218 4438 234
1262 4391 1302 4436 ret
1319 4385 1390 4436 omni
1410 4385 1560 4437 limitatione
1577 4389 1605 4436 et
1622 4383 1755 4438 linitateV
1776 4385 1809 4436 79
1829 4385 1848 4434 l.
1867 4383 1899 4434 l3
1936 4381 2262 4448 4444444444444774
2288 4381 2304 4432 4.
2323 4383 2339 4434 2
2358 4381 2574 4434 -44444444-

586 4487 655 4524 4-
674 4473 729 4524 Hoc
748 4473 843 4538 aliquid
859 4479 896 4526 est
909 4473 1075 4526 individuum
1096 4475 1113 4526 ll
1134 4475 1184 4526 409
1197 4473 1225 4526 b.
1313 4483 1351 4510 ··-
1369 4479 1439 4524 44444
1457 4473 1735 4538 terminoprivative,
1754 4471 1796 4522 vel
1821 4483 1901 4534 nega·
1938 4475 1995 4526 tatis
2015 4477 2054 4524 est
2072 4485 2175 4524 summa
2193 4471 2346 4536 simplicitas
2364 4471 2372 4520 l
2392 4469 2442 4522 766
2463 4483 2574 4522 a-sa-

586 4561 638 4614 305
656 4575 714 4628 arg.
734 4561 744 4612 4
1263 4561 1314 4612 tive
1334 4561 1341 4610 l
1361 4559 1413 4612 770
1432 4575 1455 4612 4.
1475 4557 1547 4612 784
1569 4575 1583 4612 4
1604 4559 1783 4624 -privative
1801 4557 1900 4610 dictum
1937 4559 2054 4612 cundum
2072 4561 2241 4628 quantitatem
2270 4559 2346 4610 molis
2369 4559 2447 4610 hahet
2471 4559 2574 4622 opposi-

638 4651 719 4700 -ln
739 4649 1225 4724 individuopropriedictoestprin·
1262 4651 1350 4712 privat
1367 4655 1453 4700 actum
1467 4655 1493 4700 et
1511 4649 1631 4714 relinquit
1644 4646 1894 4712 aptitudinemvsl
1936 4649 2034 4700 tionem
2047 4647 2079 4704 ad
2093 4645 2274 4712 simplex‚sed
2288 4645 2415 4698 inlinitum
2428 4647 2574 4698 seeundum

585 4741 715 4804 cipiorum
735 4737 941 4790 substantialium
954 4739 1016 4790 unio
1029 4745 1056 4790 et
1068 4739 1145 4802 primi
1165 4751 1225 4802 sop-
1261 4751 1277 4788 a
1305 4761 1339 4774 -
1368 4739 1497 4802 privative
1525 4737 1619 4790 dicitur
1646 4735 1719 4802 quod
1746 4743 1786 4788 est
1811 4741 1900 4788 natum
1937 4739 2106 4802 quantitatem
2120 4735 2223 4788 virtutis
2236 4747 2287 4786 non
2300 4737 2440 4798 opponitur
2453 4735 2573 4800 simplici,

585 4829 661 4890 positi
683 4829 829 4898 constitutio
848 4829 875 4878 in
894 4841 923 4878 se
942 4829 1011 4892 ipso,
1032 4841 1082 4880 non
1100 4829 1125 4878 in
1143 4827 1224 4880 altero
1261 4823 1344 4892 liniri,
1366 4831 1522 4876 nontamen
1542 4832 1579 4876 est
1606 4823 1705 4876 linitum
1732 4821 1809 4874 4770
1834 4823 1900 4874 4.7
1937 4825 2019 4876 4444
2039 4823 2184 4876 necessario
2209 4823 2274 4884 illud
2294 4823 2412 4888 sequitur
2429 4823 2458 4874 lll
2477 4823 2524 4874 304
2548 4835 2573 4874 4.

585 4917 686 4968 444232
709 4915 727 4968 b
748 4913 1223 4980 -nonsuntoomponibiliaalill
1262 4913 1291 4964 84
1314 4927 1328 4964 a
1349 4915 1523 4978 —nagative
1544 4913 1636 4964 dicitur
1656 4911 1728 4978 quod
1751 4909 1902 4964 nonhabet
1938 4913 2008 4964 784
2041 4925 2115 4964 4-
2139 4909 2276 4964 fundatum
2300 4925 2380 4976 super
2404 4911 2574 4976 quantitatem

587 5003 637 5054 467
657 5017 713 5068 arg.
734 5003 758 5054 4.
777 5003 828 5054 440
848 5003 867 5054 h
886 5029 921 5042 -·-
939 5005 1045 5068 proprie
1065 5003 1224 5056 nondlcitur
1261 5001 1401 5054 terminum
1421 5015 1469 5054 nec
1487 5007 1525 5054 est
1548 5005 1636 5052 natum
1666 4997 1761 5052 habere
1782 4997 1901 5052 47704
1938 5001 2013 5054 molis
2032 5007 2162 5066 repugnat
2185 4997 2358 5064 simplicitati,
2384 4997 2447 5050 illud
2471 5003 2574 5064 autem,

587 5093 831 5158 quodestalicuius
851 5093 1222 5156 parssiveveniensiucom·
1259 5089 1459 5142 -secundum
1480 5087 1552 5156 quod
1571 5087 1666 5140 dicitur
1685 5087 1812 5154 negative,
1843 5089 1902 5140 sim·
1937 5087 2009 5156 quod
2028 5087 2151 5140 landatur
2169 5099 2249 5152 super
2268 5087 2434 5154 quantitatem
2455 5087 2570 5152 virtutis,

585 5181 741 5246 positionem
760 5179 826 5234 tertii
846 5181 875 5234 lll
895 5181 945 5232 l33
967 5179 1048 5230 4*-
1067 5181 1145 5234 habet
1165 5195 1223 5234 esse
1261 5179 1362 5242 pliciter
1373 5185 1493 5230 removet
1505 5177 1582 5228 linem
1597 5177 1652 5228 sive
1667 5177 1899 5228 4444447844
1937 5189 2041 5230 summe
2059 5183 2183 5228 consonat
2202 5177 2211 5226 l
2230 5175 2262 5226 69
2279 5171 2398 5226 3*.736
2419 5171 2473 5226 43*.
2492 5173 2526 5226 82
2544 5171 2573 5224 6*

585 5271 746 5334 completum
765 5275 790 5322 et
809 5271 895 5322 minus
915 5269 1074 5334 completum
1093 5267 1224 5322 443064*
1313 5293 1350 5306 -
1368 5267 1488 5330 negative
1507 5265 1602 5318 dicitur
1625 5279 1675 5328 per
1700 5261 1900 5328 abnegationem
1937 5291 1973 5304 ·-
1990 5265 2136 5318 secundum
2157 5265 2328 5330 quantitatem,
2352 5261 2426 5314 molis
2452 5261 2512 5314 dicit
2535 5275 2576 5312 re-

617 5369 620 5376 ’
639 5387 674 5396 -
692 5371 769 5412 omne
788 5366 826 5412 est
840 5371 930 5424 perse
947 5373 1029 5412 unum
1044 5365 1068 5410 et
1081 5371 1164 5410 unum
1178 5371 1225 5410 nu·
1261 5355 1453 5420 complementi,
1473 5353 1512 5406 vel
1534 5353 1635 5404 termini
1662 5355 1670 5404 l
1693 5351 1744 5404 769
1771 5351 1789 5404 h
1812 5367 1853 5420 sq.
1877 5353 1901 5404 V
1937 5367 2041 5406 cessum
2060 5367 2073 5404 a
2094 5351 2256 5418 simplicitate
2276 5351 2298 5402 V
2318 5351 2346 5402 84
2364 5363 2388 5402 4.
2402 5349 2434 5402 86
2449 5347 2525 5402 2*-
2539 5351 2574 5402 ln·

585 5461 659 5498 mero
680 5447 706 5498 lll
727 5447 777 5498 230
797 5461 854 5512 arg.
868 5447 887 5498 3
914 5473 948 5486 -
972 5447 997 5498 44
1023 5447 1225 5514 particularibus
1261 5445 1291 5496 84
1308 5427 1473 5496 a-dicitur
1484 5455 1530 5506 per
1540 5441 1714 5506 privationem
1729 5441 1902 5506 per-lectionis,
1937 5441 2023 5494 linitas
2041 5441 2142 5494 virtutis
2160 5445 2198 5492 est
2218 5453 2265 5504 per
2283 5451 2417 5492 44444444
2441 5437 2475 5490 44
2494 5439 2574 5490 unita·

584 5543 624 5588 est
647 5537 732 5588 unitas
758 5535 1000 5588 innumerabilitatis
1023 5535 1046 5586 V
1068 5537 1115 5588 381
1145 5537 1161 5586 8
1189 5563 1225 5572 -
1261 5533 1304 5586 444
1328 5545 1374 5596 per
1393 5531 1566 5596 privationem
1593 5531 1749 5584 limitationis
1775 5531 1838 5582 133
1864 5527 1900 5582 3*.
1937 5537 1989 5586 tem
2008 5537 2034 5584 et
2052 5531 2180 5594 originem
2201 5531 2208 5580 l
2228 5529 2262 5582 55
2281 5525 2305 5578 b.
2325 5525 2349 5578 V
2369 5527 2403 5576 86
2421 5525 2577 5576 2*-844-

587 5623 671 5676 Unum
691 5623 858 5676 individuum
877 5633 1005 5690 repugnat
1028 5623 1188 5678 multitudini
1206 5623 1224 5674 lt
1262 5621 1310 5672 364
1335 5619 1371 5672 4*.
1391 5621 1442 5672 642
1464 5617 1501 5672 4*.
1519 5619 1570 5672 766
1598 5617 1635 5672 34.
1655 5619 1705 5672 770
1727 5617 1762 5672 4*.
1783 5619 1804 5670 V
1825 5615 1902 5672 824*
1937 5621 2107 5684 pliclssirnum
2126 5621 2166 5670 est
2183 5615 2310 5668 inlinitum
2325 5615 2419 5666 virtute
2438 5615 2445 5666 l
2466 5613 2517 5666 342
2537 5611 2574 5666 2*.

586 5711 632 5762 404
658 5711 686 5762 4*
704 5741 738 5750 -
756 5716 796 5764 est
814 5725 895 5764 unum
917 5727 1026 5766 numero
1046 5715 1141 5766 unitata
1162 5711 1226 5764 acci·
1262 5737 1297 5748 -
1315 5709 1429 5762 latinitas
1447 5709 1554 5772 ponitur
1572 5723 1619 5772 per
1637 5709 1778 5774 delectum,
1793 5709 1834 5760 vel
1855 5719 1902 5774 per
1937 5709 1988 5762 639
2007 5723 2034 5774 4,
2054 5705 2092 5774 9*,
2108 5703 2145 5758 4*.
2164 5705 2186 5758 V
2207 5705 2244 5758 35
2261 5719 2285 5756 a.
2298 5703 2332 5756 36
2352 5701 2408 5756 43*.
2420 5703 2470 5754 386
2491 5703 2524 5754 40
2538 5729 2574 5740 -

585 5801 693 5862 dentall,
713 5801 763 5852 vel·
776 5813 843 5868 quae
863 5805 1031 5868 consequitur
1049 5815 1107 5854 esse
1124 5799 1226 5853 actuale
1262 5811 1397 5852 excessum
1418 5799 1425 5850 l
1444 5795 1495 5848 642
1515 5795 1553 5848 4*.
1572 5797 1596 5848 V
1614 5797 1647 5850 85
1668 5797 1684 5850 h
1938 5809 1986 5860 per
2003 5795 2169 5860 negationem
2187 5793 2346 5846 limitationis
2369 5805 2420 5844 non
2444 5797 2574 5854 repugnat

584 5887 618 5942 t'b.
645 5887 674 5938 4*
697 5915 733 5928 -
758 5891 783 5942 ln
809 5889 952 5942 individuis
977 5891 1064 5942 delicit
1093 5891 1177 5942 unitas
1200 5889 1225 5940 V
1313 5913 1350 5924 -
1370 5885 1482 5938 infinitas
1499 5891 1540 5938 est
1557 5885 1686 5952 virtualiS,
1701 5885 1740 5938 vel
1760 5885 1902 5938 numeralis
1937 5885 2093 5948 simplicitati
2112 5895 2160 5934 nec
2178 5881 2369 5946 complemento
2388 5881 2397 5930 l
2415 5879 2467 5930 770
2486 5877 2516 5930 4*

584 5977 672 6028 3848
1263 5975 1323 6028 434
1346 5989 1402 6040 arg.
1421 5977 1445 6028 2.
1466 5975 1500 6028 33
1519 5989 1575 6042 arg.
1602 5975 1625 6028 3.
1652 5975 1674 6026 V
1697 5975 1731 6026 84
1755 5987 1812 6038 arg.
1833 5975 1901 6026 2-
1939 6019 1940 6022 ,
1991 5981 2106 6022 -cum
2133 5983 2162 6022 sa
2189 5971 2317 6020 immiscet
2346 5969 2492 6032 phantasia,
2523 5979 2573 6016 non

637 6093 674 6104 —
692 6067 754 6120 lisso
768 6065 935 6120 individuum
949 6067 1054 6118 advenit
1066 6067 1225 6120 substantiae
1262 6065 1374 6118 lnllnites
1391 6071 1431 6116 est
1449 6065 1553 6118 virtutis
1565 6069 1591 6116 et
1604 6063 1746 6128 dignitatis,
1764 6061 1807 6114 vel
1826 6061 1902 6114 molis
1937 6067 2024 6126 potest
2050 6059 2159 6124 cogitari
2186 6059 2234 6110 nisi
2263 6069 2309 6122 per
2339 6053 2523 6108 distensionem
2550 6051 2574 6102 V

584 6157 718 6208 communi
737 6157 836 6208 ratione
848 6157 987 6222 suppositi,
1001 6167 1051 6206 non
1064 6159 1164 6208 ratione
1177 6156 1226 6207 lor·
1262 6167 1308 6206 seu
1328 6155 1521 6206 numerositatis
1542 6153 1563 6204 V
1584 6151 1617 6202 86
1639 6149 1666 6202 4*
1689 6177 1726 6188 -
1748 6155 1788 6200 est
1811 6159 1902 6202 secun·
1937 6149 1989 6200 386
2011 6147 2039 6198 44

586 6257 645 6296 444
665 6245 674 6296 l
694 6243 781 6296 44044
806 6239 867 6296 Vide
884 6243 913 6294 V.
925 6243 1045 6296 Persona
1064 6239 1140 6308 (265
1158 6241 1185 6308 b)
1197 6245 1224 6294 in
1262 6241 1324 6296 dum
1346 6245 1514 6310 quantitatem
1535 6239 1575 6292 vel
1596 6238 1687 6302 molis,
1707 6237 1749 6290 vel
1769 6239 1870 6290 virtutis
1892 6235 1900 6284 l
1990 6261 2027 6274 --
2039 6209 2151 6284 latinitas
2163 6233 2302 6284 numeralis
2315 6237 2341 6282 et
2353 6229 2428 6282 molis
2441 6199 2575 6292 'repugnat

585 6331 675 6386 ludice·
691 6347 780 6398 gener.
1261 6329 1313 6384 770
1334 6331 1370 6384 4*.
1389 6333 1419 6384 lll
1436 6331 1484 6382 304
1508 6343 1533 6380 4.
1553 6329 1573 6378 V
1595 6325 1626 6380 33
1646 6341 1671 6378 a.
1689 6327 1719 6376 84
1742 6337 1766 6374 4.
1787 6323 1837 6374 386
1859 6323 1890 6374 40
1931 6323 2089 6398 ¹perfectioni
2108 6325 2133 6372 et
2153 6321 2250 6384 ordini,
2271 6317 2331 6386 quia
2356 6325 2395 6370 est
2418 6329 2467 6380 per
2489 6329 2574 6368 races-

637 6447 673 6460 --
692 6419 837 6472 Substantia
859 6417 994 6470 individua
1014 6431 1062 6482 per
1080 6431 1110 6470 se
1127 6417 1224 6470 directe
1313 6449 1350 6458 -
1368 6419 1505 6472 lundatum
1526 6429 1607 6480 super
1630 6415 1799 6480 quantitatem
1824 6411 1901 6464 molis
1937 6423 1996 6464 sum
2016 6409 2049 6460 ab
2069 6409 2166 6460 unitate
2184 6415 2211 6460 et
2228 6407 2355 6470 original
2378 6405 2413 6458 33
2433 6403 2453 6458 b
2471 6431 2507 6442 -
2526 6403 2575 6458 Ubi

584 6513 624 6560 esi
642 6509 669 6560 in
689 6521 784 6574 genere
803 6505 961 6560 substantiae
975 6506 993 6558 ll
1010 6505 1062 6558 403
1075 6505 1092 6556 4.
1107 6509 1129 6558 2.
1145 6507 1224 6558 losa
1261 6509 1357 6562 dicitur
1373 6523 1422 6572 per
1435 6505 1628 6572 oppositionem
1641 6501 1675 6554 ad
1688 6501 1836 6564 minimum,
1850 6511 1900 6550 non
1937 6497 2110 6550 numerositas
2134 6495 2245 6560 infinita,
2264 6493 2299 6546 ibi
2321 6493 2438 6546 conlusio
2459 6489 2493 6546 t'b.
2512 6493 2530 6544 l.
2550 6492 2574 6550 4.

637 6623 672 6634 -
699 6601 848 6650 constater
868 6593 1085 6660 proprietatibus,
1112 6609 1224 6662 quarum
1261 6611 1325 6650 vero
1344 6597 1482 6650 fundatum
1505 6605 1587 6656 super
1605 6589 1773 6656 quantitatem
1799 6585 1901 6638 virtutis
1937 6583 2139 6636 78347-
2165 6583 2277 6636 lnllnltas
2303 6581 2449 6634 secundum
2468 6581 2575 6634 diversi·

584 6685 762 6738 collectionem
782 6683 944 6748 impossibile
963 6687 1002 6734 est
1014 6683 1041 6734 ln
1054 6683 1132 6734 altero
1152 6699 1226 6750 repe·
1262 6687 1285 6738 V
1305 6687 1338 6736 82
1359 6683 1386 6734 6*
1937 6677 2016 6726 talem
2035 6673 2130 6726 4441440
2151 6673 2233 6736 posita
2252 6671 2281 6722 in
2304 6679 2364 6724 3414
2384 6671 2470 6734 privat
2487 6671 2575 6722 distin·

584 6775 636 6826 rire
656 6775 673 6825 ll
695 6773 821 6838 iuburg.
842 6773 866 6824 3.
885 6771 914 6823 lll
935 6769 985 6822 449
1011 6771 1026 6822 4.
1047 6771 1071 6822 7.
1092 6773 1142 6824 229
1169 6787 1225 6836 arg.
1315 6801 1352 6812 -
1369 6773 1411 6824 vel
1430 6775 1470 6824 est
1487 6771 1511 6818 in
1526 6773 1593 6830 actu,
1608 6765 1649 6816 vel
1663 6767 1686 6816 in
1700 6765 1813 6830 potentia
1827 6763 1900 6816 4766
1937 6764 2049 6816 ctionem
2069 6767 2095 6812 et
2111 6761 2252 6812 ordineml
2273 6759 2322 6812 642
2344 6757 2380 6812 3*.
2398 6759 2448 6812 772
2468 6761 2484 6812 l.
2504 6759 2521 6812 3
2538 6785 2575 6800 -

584 6865 610 6914 2.
629 6863 681 6914 230
705 6877 761 6926 arg.
789 6861 813 6914 4.
839 6861 860 6912 V
880 6861 912 6912 83
942 6857 987 6910 ll*
1011 6887 1046 6898 -
1068 6867 1168 6914 constat
1193 6875 1225 6912 ex
1262 6859 1300 6912 3*.
1319 6861 1371 6910 772
1391 6873 1416 6910 4.
1436 6857 1488 6908 789
1508 6853 1545 6920 2*,
1565 6851 1595 6904 9*
1937 6851 2029 6902 Omnis
2047 6849 2333 6902 inlinitasantomnino
2347 6851 2430 6912 privat
2444 6847 2572 6918 ordinem,
