5800 8392
360 603 426 668 446
1208 597 1328 666 *tubal
1353 597 1508 666 4444474448

608 687 669 742 soti
689 687 730 756 (8)
1330 685 1385 752 (ii)
1963 687 2024 738 4344
2044 685 2099 754 (43)

362 781 524 832 materfami
546 777 590 832 364
617 775 644 828 2*
662 803 697 816 -
716 791 746 830 εε
764 779 821 842 ipsa
840 777 999 828 referto-rad
1038 777 1089 828 43
1110 801 1143 816 -··
1174 777 1359 828 perfectionem
1385 781 1413 828 et
1439 775 1604 838 perfectibile
1628 789 1673 826 ne·
1711 773 1749 824 iiia
1771 775 1842 826 venit
1859 773 1892 824 ad
1913 775 2027 826 forrnem¹
2043 773 2231 840 complexionis
2251 775 2269 826 44
2295 771 2346 826 442

362 869 508 932 materiam,
526 869 562 918 tta
580 865 651 932 quod
674 867 740 918 inter
756 871 906 930 respectum
926 867 950 918 et
963 875 1000 914 es·
1037 875 1110 916 cesse
1127 871 1167 916 est
1184 863 1218 916 ad
1238 865 1350 916 invicem
1369 863 1671 926 esseproportionnbflia
1711 877 1778 910 a-
1796 861 1916 926 Materia,
1945 877 2013 928 qliae
2041 867 2080 916 est
2106 861 2157 914 sub
2183 863 2267 914 forma
2294 863 2346 914 ele-

362 957 470 1008 sentiam
491 969 543 1008 noo
561 953 630 1006 cadit
648 953 780 1018 medium,
801 953 862 1020 qnia
881 955 939 1016 ipsa
958 963 999 1002 es
1038 953 1054 1006 tl
1074 951 1128 1002 446
1145 955 1164 1002 f.
1191 955 1260 1002 2-
1281 937 1419 1014 rropomo
1440 957 1480 1002 est
1507 953 1673 1014 perteeams
1712 951 1830 1014 intimari,
1852 951 1950 1014 appetit
1969 963 2027 1002 esse
2049 949 2100 1002 sub
2118 949 2202 1002 forma
2223 951 2303 1014 mixti,
2321 957 2347 1002 et

362 1047 443 1098 sentia
461 1041 632 1096 essentialiter
644 1039 774 1106 dependet
795 1037 871 1092 4463
884 1037 999 1090 6*·-ει
1037 1041 1068 1092 ad
1089 1037 1248 1104 perfectibiie
1266 1041 1275 1092 4
1296 1039 1346 1090 470
1366 1041 1381 1092 i.
1402 1041 1428 1092 5.
1446 1041 1465 1088 ll
1485 1037 1511 1090 44
1538 1043 1673 1104 area-
1710 1043 1835 1104 quaeest
1854 1037 2346 1104 subformamixtionfs‚appetitesse

362 1129 998 1190 materiasuntoauseecorreiativaelsiberg.2
1038 1127 1161 1180 Perfcedo
1187 1129 1365 1180 conformatur
1392 1141 1440 1178 sno
1471 1125 1621 1190 perfectibili
1655 1129 1687 1180 lt‘
1710 1125 1760 1176 sub
1780 1125 1860 1176 forma
1880 1129 2069 1192 complexionis
2089 1129 2105 1180 ll
2125 1127 2176 1176 378
2197 1125 2347 1178 6*—mix·

414 1247 450 1260 -
469 1221 503 1272 de
520 1233 550 1272 se
569 1231 620 1270 non
638 1225 679 1270 ost
695 1219 827 1270 sufficiens
849 1217 882 1268 ad
902 1215 999 1280 produ·
1037 1215 1087 1268 564
1108 1229 1166 1280 arg.
1184 1215 1198 1266 3
1218 1241 1253 1254 --
1272 1217 1375 1282 Quanto
1393 1215 1540 1278 complexio
1553 1215 1671 1282 nobilior,
1712 1215 1787 1264 fixinis
1804 1213 1920 1278 disponit
1937 1215 1973 1266 ad
1992 1217 2103 1268 formam
2122 1217 2308 1278 complexionis
2328 1217 2345 1268 ll

362 1309 473 1362 oendttm
495 1293 707 1362 aliudsine‘aiio
728 1307 891 1372 pri'ucipioV
911 1304 957 1356 384
983 1305 998 1356 8
1037 1311 1107 1356 tanto
1130 1301 1263 1356 nobilioris
1294 1305 1390 1356 formae
1416 1309 1453 1356 est
1479 1305 1626 1368 susceptiva
1654 1305 1681 1356 ll·
1710 1299 1744 1352 42
1762 1299 1799 1352 2*.
1820 1303 1871 1354 423
1892 1301 1928 1354 6*.
1951 1305 1975 1354 V
1997 1305 2049 1356 332
2079 1305 2111 1356 48
2135 1331 2170 1344 «-
2195 1303 2346 1370 embryonis

413 1421 448 1438 ·-
465 1403 547 1448 dctus
563 1395 661 1446 formae
682 1401 718 1446 est
739 1397 874 1448 inhaerere
885 1401 912 1446 et
926 1395 999 1446 unire
1037 1389 1088 1442 424
1108 1393 1193 1456 arg.l
1217 1417 1251 1430 -
1270 1391 1371 1444 Decem
1388 1391 1671 1458 est,quodliensim·
1709 1395 1746 1440 est
1766 1391 1791 1440 in
1817 1393 1929 1454 potentia
1951 1395 2100 1458 propinqua
2121 1391 2156 1444 ad
2180 1393 2345 1444 eductionem

362 1485 436 1536 4564
460 1483 542 1536 3*-
562 1485 649 1536 unitor
668 1481 819 1552 aiteriV3i
838 1481 998 1534 er-ran-
1036 1481 1130 1544 primat
1150 1481 1259 1530 formam
1280 1483 1306 1530 in
1325 1481 1559 1542 materiam‚sicnt
1578 1495 1672 1532 εεενε-
1709 1479 1852 1530 formarum
1870 1481 2036 1546 sequentium
2054 1485 2080 1532 et
2100 1495 2147 1544 per
2165 1481 2219 1532 xvim
2238 1487 2346 1534 staturae

362 1575 458 1638 cipium
478 1581 516 1626 est
539 1569 714 1636 componibiie
737 1571 777 1624 alli
800 1573 807 1622 l
827 1571 877 1622 467
895 1583 951 1636 arg.
974 1569 998 1620 4.
1037 1569 1072 1620 nit
1091 1569 1190 1622 formae
1208 1575 1234 1620 et
1252 1569 1375 1620 materiae
1394 1569 1545 1632 suscipienti
1565 1569 1600 1618 tv
1619 1569 1666 1620 424
1709 1565 1741 1616 ad
1761 1567 1902 1628 perfectam
1922 1569 2121 1632 completionem
2142 1575 2179 1620 est
2199 1565 2346 1632 perdneibi·

362 1663 411 1714 468
431 1661 551 1716 b-se
566 1663 622 1724 ipsa
635 1661 723 1712 unitur
737 1661 861 1712 materiae
878 1659 895 1710 ll
916 1659 947 1712 444
970 1657 998 1710 2*
1036 1655 1118 1708 3⁴-
1136 1659 1270 1720 proportio
1291 1655 1369 1708 debet
1385 1669 1443 1710 esse
1457 1659 1669 1722 perfectionisad
1709 1653 1738 1704 lis
1763 1655 1857 1706 44333
1880 1653 1957 1706 b-
1982 1659 2005 1708 lu
2033 1671 2143 1722 corpore
2166 1659 2282 1710 bumano
2305 1666 2345 1710 est

359 1749 546 1802 —lixiorma
566 1755 591 1800 et
610 1749 720 1800 formato
741 1749 766 1800 iit
787 1749 942 1800 uremidi
963 1743 996 1796 4*.
1035 1743 1208 1810 perfectione,
1230 1755 1324 1812 quanta
1355 1749 1436 1808 potest
1457 1759 1514 1796 osse
1535 1746 1551 1796 ii
1572 1745 1617 1798 454
1642 1743 1671 1796 5*
1708 1743 1792 1794 forma
1810 1745 1896 1794 carnis
1915 1747 2044 1798 bunranae
2070 1745 2196 1798 etiorma
2225 1747 2294 1798 mixti
2320 1751 2346 1798 et

362 1839 411 1890 233
433 1839 449 1890 ι.
467 1839 494 1890 3.
512 1839 566 1890 666
586 1851 642 1902 arg.
663 1835 688 1888 4.
706 1837 724 1888 44
746 1835 798 1886 637
818 1837 834 1886 f.
857 1835 880 1888 4.
898 1835 927 1888 lii
947 1833 999 1886 453
1034 1861 1069 1870 -
1088 1833 1207 1885 blatexiae
1227 1833 1320 1884 melios
1349 1833 1488 1896 dispositae
1506 1833 1540 1884 ad
1560 1835 1671 1884 formam
1709 1833 1791 1882 forma
1809 1833 1930 1886 elementi
1951 1835 1981 1884 lV
2000 1835 2088 1886 889a

363 1925 389 1978 4*
410 1925 594 1980 -sxtonm
617 1933 640 1978 et
659 1927 765 1978 materia
786 1925 891 1978 resultat
917 1935 997 1976 unum
1037 1923 1106 1974 Deos
1132 1923 1257 1986 imprimit
1288 1921 1421 1974 meliorem
1448 1921 1560 1974 formam
1580 1923 1671 1974 44245
1760 1921 1923 1974 -Formae
1943 1935 1992 1974 non
2013 1929 2051 1974 est
2078 1923 2185 1974 formal
2215 1923 2263 1974 429
2288 1937 2346 1988 arg.

361 2015 534 2080 compositum
562 2013 589 2066 lii
617 2013 666 2064 464
692 2013 715 2064 4.
743 2015 757 2064 2
783 2041 816 2050 -
838 2013 997 2076 Principium
1036 2011 1671 2076 arg.3-iiecesseest,formamesseefusdem
1709 2009 1734 2058 3.
1752 2009 1782 2060 lll
1801 2011 1853 2060 806
1871 2023 1927 2074 arg.
1952 2011 2013 2076 5,ε
2038 2037 2073 2050 --
2093 2011 2262 2064 informantes
2283 2011 2346 2064 sub·

361 2101 900 2166 praterialeetfonnaleeonlungnnturad
916 2113 997 2154 unum
1035 2103 1138 2164 genem
1157 2115 1218 2154 cnm
1238 2101 1359 2160 materia,
1379 2113 1428 2150 nec
1445 2105 1485 2152 εει
1502 2101 1610 2150 omnino
1628 2115 1671 2150 su·
1709 2097 1803 2148 fectum
1823 2105 1932 2160 possunt
1945 2099 2051 2150 formari
2065 2111 2112 2160 per
2131 2101 2280 2152 ulteriorem
2294 2099 2346 2152 ior·

360 2205 417 2246 esse
431 2193 566 2256 compositi
581 2189 795 2242 constituendum
813 2190 831 2242 44
851 2189 902 2242 576
924 2185 999 2240 l*-
1036 2203 1081 2253 pra
1104 2191 1238 2242 materiam
1258 2191 1264 2240 l
1288 2189 1314 2240 44
1342 2187 1369 2238 4*
1559 2199 1564 2218 ·
1709 2199 1779 2238 mam
1799 2187 1974 2250 perficientem
1994 2187 2140 2240 subiectum
2162 2189 2187 2240 lii
2209 2189 2292 2240 anea

360 2279 850 2348 quaedatesseprimom,eimateria
869 2277 896 2330 tlt
915 2289 996 2330 unum
1086 2305 1123 2316 -
1140 2279 1247 2342 propria
1272 2289 1321 2328 non
1349 2283 1386 2328 est
1406 2283 1463 2328 nata
1490 2277 1545 2328 fleri
1571 2279 1617 2328 oisf
1644 2279 1669 2328 in
1760 2301 1795 2312 -
1813 2277 1985 2328 elementares
2009 2283 2068 2328 sunt
2094 2291 2176 2342 aeque
2202 2277 2301 2340 primae
2326 2279 2343 2328 44

359 2381 406 2434 per
425 2371 564 2422 essentiam
581 2367 601 2418 li
620 2367 672 2418 639
692 2365 720 2418 l*
746 2393 777 2404 -
803 2367 921 2418 formale
945 2379 998 2416 ooo
1034 2369 1140 2430 propria
1161 2367 1266 2418 materia
1289 2365 1318 2418 lV
1349 2367 1400 2416 888
1421 2367 1437 2416 f.
1457 2365 1473 2416 4
1492 2393 1528 2404 -
1546 2367 1671 2418 Perfacile
1709 2363 1758 2412 293
1789 2377 1846 2426 arg.
1874 2365 1890 2412 3
1919 2391 1955 2402 -
1983 2365 2112 2416 mixtionis
2140 2371 2178 2414 est
2208 2367 2345 2430 perfectior

362 2457 435 2524 ponit
457 2459 483 2508 io
504 2469 642 2510 nnmerum
669 2469 729 2508 eom
754 2469 804 2508 sno
828 2455 952 2508 materiali
978 2455 995 2506 ll
1034 2457 1112 2506 unios
1133 2457 1252 2518 corporis
1278 2469 1326 2506 non
1357 2463 1394 2506 εει
1423 2455 1547 2518 perfectio
1564 2455 1672 2508 atterius
1709 2451 2023 2516 ouametementartsfb.
2043 2453 2058 2504 f.
2080 2453 2173 2504 aare
2196 2451 2247 2504 ff

359 2545 408 2598 373
430 2547 445 2598 4.
464 2545 482 2598 5
1032 2545 1051 2596 li
1070 2541 1122 2596 446
1140 2543 1160 2594 f.
1178 2545 1191 2594 2
1759 2567 1795 2576 —
1814 2541 1967 2592 Formarum
1986 2543 2104 2592 coninsio
2126 2549 2167 2592 est
2191 2543 2217 2592 in
2236 2541 2315 2594 mixto
2336 2545 2342 2594 l

410 2641 504 2688 -est
522 2633 636 2688 nobilius
660 2635 818 2698 principium
844 2647 925 2700 quam
944 2643 997 2684 ma·
1073 2633 1098 2682 it
1121 2641 1214 2684 -est
1234 2647 1283 2684 una
1303 2631 1356 2684 sola
1376 2631 1587 2684 nnttxsllfiii.
1609 2637 1671 2686 l-
1715 2629 1794 2682 4764
2158 2701 2164 2710 ,

359 2725 420 2776 teria
443 2725 459 2774 il
490 2725 539 2776 496
568 2735 624 2788 arg.
644 2723 659 2774 2
679 2747 714 2760 -
733 2723 859 2774 Perfectio
884 2721 998 2774 nobilior
1034 2721 1126 2774 ultimo
1144 2723 1302 2784 completiva
1319 2729 1359 2772 est
1373 2735 1422 2772 ona
1442 2725 1519 2772 unius
1540 2723 1557 2772 li
1577 2721 1627 2774 562
1643 2721 1673 2772 8*
1744 2719 1776 2768 43
1796 2745 1830 2758 --
1851 2721 1874 2770 in
1896 2721 1986 2772 formis
2009 2719 2134 2772 ordinatis
2158 2721 2252 2782 forata,
2277 2735 2344 2786 quae

359 2821 396 2866 est
416 2811 567 2878 perlectiblii
587 2811 605 2862 44
626 2811 678 2862 637
696 2811 828 2876 scater
850 2811 883 2862 28
902 2811 994 2876 arpi
1032 2839 1066 2850 -
1083 2811 1164 2862 Unius
1177 2811 1343 2874 perfectibilis
1356 2825 1407 2862 une
1421 2811 1474 2862 sola
1488 2817 1527 2862 est
1547 2813 1671 2874 xteriemlo
1707 2821 1734 2858 se
1752 2807 1831 2860 babet
1850 2823 1878 2860 ει
1900 2807 2102 2874 additione,·est
2120 2809 2244 2860 actitailor
2265 2809 2286 2860 V
2309 2811 2343 2862 69

393 2903 462 2952 8-
488 2901 645 2952 abstrahitur
674 2915 689 2952 a
715 2901 822 2952 tnateria
848 2897 994 2952 secundnm
1033 2901 1051 2952 ll
1070 2899 1123 2950 226
1141 2897 1178 2952 3*.
1203 2897 1257 2952 746
1282 2901 1298 2950 i.
1323 2897 1347 2948 4.
1367 2897 1414 2948 744
1438 2895 1465 2948 b.
1484 2899 1538 2950 793
1561 2901 1578 2950 4.
1599 2901 1623 2952 6.
1642 2901 1671 2954 444
1707 2909 1761 2960 arg.
1785 2897 1971 2964 l-quanto
1988 2903 2027 2950 est
2045 2899 2172 2962 posterior
2189 2905 2216 2950 et
2228 2896 2343 2962 ulterior,

358 2995 476 3042 naturam
497 2991 532 3042 rei
552 2985 631 3042 4476
651 3003 665 3038 a
686 3015 720 3026 ·-
740 2993 764 3040 et
793 2991 899 3040 materia
930 2999 996 3058 nitri·
1033 2987 1082 3037 349
1105 2999 1160 3050 arg.
1180 2987 1194 3036 2
1214 3015 1249 3024 -
1275 2985 1506 3052 impossibiieest,
1529 2989 1594 3040 dnas
1618 2989 1671 3040 for·
1708 2991 1778 3038 tamo
1797 2985 1941 3038 nobilioril
1963 2985 2013 3038 378
2034 2987 2049 3038 4.
2069 2987 2083 3036 4
2103 3013 2137 3024 -
2158 2993 2254 3052 querito
2274 2985 2344 3038 nobi·

358 3091 438 3144 quam
456 3077 573 3130 incidunt
591 3077 618 3126 in
646 3075 715 3126 idem
738 3089 847 3128 nttaiero
867 3075 942 3126 4364
966 3073 996 3126 a*
1033 3087 1088 3126 mas
1108 3075 1336 3138 eiusdemspeeiei
1357 3087 1414 3126 esse
1432 3077 1456 3126 in
1477 3075 1569 3128 eodem
1590 3085 1671 3130 etse·
1706 3075 1753 3126 lior
1772 3079 1822 3138 cst,
1844 3081 1912 3126 tanto
1931 3075 2045 3126 ultimior
2063 3075 2081 3126 ll
2102 3073 2153 3126 447
2171 3075 2224 3126 43

356 3171 448 3218 -est
466 3173 557 3218 natirra
575 3163 682 3216 diversa
701 3177 714 3216 a
736 3165 843 3216 materia
863 3165 880 3216 ll
898 3165 967 3216 ata
1032 3163 1146 3216 eundum
1168 3163 1283 3216 idemlll
1304 3165 1352 3216 324
1374 3163 1670 3230 i.i-qnaei1abent
1757 3189 1794 3202 ·-·
1820 3163 1980 3216 nobilissima
2006 3165 2032 3216 in
2060 3177 2220 3228 unaquaque
2248 3177 2277 3216 re
2303 3171 2343 3218 εει

390 3255 405 3306 3
428 3283 459 3292 -
481 3267 530 3306 non
552 3259 636 3320 potest
656 3253 996 3306 naturaiiteresseneoco·
1031 3251 1270 3316 multiplicationem
1298 3265 1380 3304 nona
1406 3251 1539 3314 subiecto,
1562 3255 1586 3304 in
1616 3267 1671 3318 quo
1700 3251 1788 3302 ‘forma
1808 3251 1896 3303 uitiina
1917 3253 1933 3302 il
1955 3253 2004 3306 358
2021 3251 2343 3316 arg.i-ttitltuocotn-

356 3343 633 3408 gitarismematexia
653 3341 718 3392 4494
745 3339 773 3394 3*
791 3369 825 3378 -
844 3341 917 3394 Nulla
933 3339 996 3394 stab·
1016 3347 1104 3406 sunt,
1124 3341 1197 3392 seda
1218 3341 1349 3406 principio
1361 3341 1596 3406 effective,plures
1609 3337 1674 3408 pos?
1706 3341 1800 3404 pletira
1818 3341 1860 3392 vei
1880 3341 1981 3402 perlicit
1998 3343 2110 3392 formam
2127 3341 2343 3408 praecedentem,

355 3435 448 3484 stantia
467 3447 514 3498 per
532 3447 562 3486 se
588 3431 702 3482 existens
731 3435 831 3496 praeter
854 3431 935 3482 Derim
954 3437 995 3480 est
1016 3413 1090 3480 1εεει
1111 3443 1171 3482 εεεε
1187 3429 1265 3480 simm
1285 3429 1317 3480 lV
1340 3429 1408 3480 4623
1427 3427 1456 3480 7*
1706 3429 1746 3480 vel
1766 3437 1804 3480 est
1823 3431 1911 3480 minus
1924 3433 2035 3492 perfecta
2049 3437 2073 3480 et
2090 3429 2180 3480 nobilis
2198 3437 2224 3484 et
2242 3431 2342 3494 indiget

355 3535 423 3586 pore
442 3523 525 3574 forme
549 3521 567 3574 ll
587 3519 638 3570 347
657 3519 676 3574 b
698 3519 852 3584 -indiget
876 3519 993 3584 oratoria,
1015 3511 1018 3586 ’Ἴ
1068 3519 1101 3570 42
1121 3547 1156 3558 -
1174 3519 1321 3570 informatio
1336 3519 1458 3570 materiae
1475 3521 1617 3584 corporalis
1629 3525 1670 3572 εει
1706 3519 1744 3570 fila
1764 3517 1797 3570 ad
1817 3531 1891 3570 suarm
1913 3519 2135 3570 conservationem
2157 3527 2180 3570 et
2193 3519 2289 3582 agendi
2307 3519 2343 3570 ef·

355 3617 384 3660 ut
401 3611 436 3662 sit
455 3611 473 3660 fl
494 3611 525 3662 46
546 3609 564 3662 4.
582 3607 597 3660 4
618 3635 652 3648 -
672 3621 741 3674 quate
758 3621 819 3660 cum
838 3607 995 3660 materiale·
1031 3609 1160 3672 generalis
1180 3621 1228 3672 per
1240 3607 1350 3658 formam
1370 3609 1670 3672 communemspecfa·
1706 3607 1820 3658 licaciam
1846 3607 1929 3658 44324
1960 3605 1987 3658 6*
2009 3633 2046 3648 -·
2069 3607 2160 3660 uitirno
2184 3607 2341 3672 completiva

355 3699 388 3750 eit
407 3699 746 3764 compositumnanqnam
764 3699 821 3750 sine
833 3699 941 3772 materia
953 3711 996 3748 re·
1014 3703 1015 3762 j
1031 3695 1061 3748 lis
1080 3709 1128 3760 per
1147 3697 1245 3764 formas
1261 3697 1434 3748 elementares
1445 3697 1487 3748 vel
1505 3699 1635 3750 mistionis
1649 3697 1668 3748 ii
1706 3693 1815 3746 nobilior
1834 3699 1871 3746 esi
1891 3697 1973 3746 forma
1998 3697 2145 3758 communi,
2172 3709 2238 3760 quae
2264 3695 2343 3750 babet

354 3787 454 3852 peritur
473 3789 492 3838 ll
511 3785 563 3840 234
581 3785 657 3838 6*-
673 3787 834 3852 partioriaris
854 3793 879 3838 et
896 3799 996 3852 appro·
1014 3775 1080 3836 ’346
1102 3801 1172 3836 a-
1189 3785 1296 3836 liateria
1311 3787 1420 3848 suscipit
1437 3785 1538 3838 formas
1553 3787 1668 3852 singula·
1704 3783 1830 3846 compleri
1849 3789 1872 3834 et
1892 3783 1981 3848 pertici
2007 3799 2054 3848 per
2079 3785 2148 3836 fliam
2173 3785 2291 3838 nltimam
2315 3791 2342 3836 et

354 3875 440 3940 pilata
466 3879 589 3928 materiae
619 3889 753 3942 nunquam
781 3881 820 3928 est
838 3885 993 3940 separatae
1031 3887 1071 3926 res
1085 3873 1261 3926 mediantibus
1274 3875 1365 3928 formis
1378 3873 1571 3928 universalibus
1584 3877 1602 3926 ll
1616 3873 1668 3926 446
1704 3873 1844 3936 specialem
1862 3869 1988 3926 4644353
2009 3873 2091 3924 4*-
2109 3873 2196 3926 ultima
2213 3881 2250 3926 est
2271 3873 2343 3926 nobi·

353 3965 460 4016 materia
480 3965 498 4016 ii
518 3965 564 4018 444
582 3963 600 4014 b
621 3993 654 4002 —
674 3975 765 4016 omnes
783 3969 993 4016 sustentantura
1030 3963 1101 4014 b*—
1121 3963 1148 4014 ln-
1168 3965 1272 4014 materia
1295 3963 1378 4034 primo
1399 3969 1487 4014 ereata
1505 3971 1559 4016 erat
1580 3965 1666 4030 aliqna
1704 3963 2341 4030 ltorformaeommnni,ubiutraqneestiosoo
2426 4007 2432 4020 ,

354 4053 459 4104 materia
482 4053 499 4104 ll
518 4053 555 4106 69
572 4067 584 4104 a
1030 4051 1115 4102 torma
1131 4053 1284 4104 eommunis
1300 4055 1324 4104 et
1340 4051 1489 4104 indifferens
1501 4053 1537 4104 ad
1554 4053 1665 4104 formam
1704 4051 1839 4114 potissimo
1858 4065 1916 4102 essa
1932 4051 1950 4102 il
1973 4053 2018 4102 324
2037 4049 2064 4104 5*
2078 4079 2112 4088 «-
2125 4053 2276 4116 prineipaiis
2289 4065 2340 4104 uon

406 4167 443 4180 -
461 4155 512 4194 nott
532 4145 618 4206 potest
636 4155 684 4206 per
710 4155 741 4194 se
766 4141 909 4194 subsistere
938 4141 993 4192 sine
1030 4137 1170 4192 caelestem
1187 4145 1211 4190 el
1228 4141 1411 4194 elementarem
1427 4141 1442 4192 tt
1457 4141 1507 4192 362
1529 4155 1584 4204 arg.
1604 4143 1668 4192 2-
1703 4143 1742 4190 εει
1757 4137 1911 4190 ordinabilis
1923 4139 1956 4190 ad
1974 4141 2153 4204 perfectiorem
2173 4141 2261 4212 41466
2278 4139 2342 4192 b·-

355 4231 469 4282 materia'
482 4229 499 4282 il
519 4227 571 4284 444
589 4227 609 4280 b
628 4243 667 4296 sq.
687 4259 719 4268 —
745 4243 795 4282 non
815 4237 853 4282 est
872 4231 992 4294 byposta-
1029 4227 1187 4292 incompleta
1205 4235 1308 4292 poterat
1326 4229 1486 4290 praecedere
1502 4229 1601 4280 formas
1619 4229 1668 4280 eie·
1704 4227 1831 4290 liespectu
1854 4229 1951 4278 formae
1970 4227 2198 4280 excellentissimae
2215 4229 2283 4280 nulla
2301 4235 2341 4282 εει

355 4319 390 4370 sis
410 4317 417 4368 l
438 4317 483 4370 564
508 4335 530 4384 a,
552 4317 580 4372 3*
604 4317 666 4372 Vide
690 4317 717 4370 V.
737 4317 922 4386 Subpositam.
1029 4321 1158 4368 mediares
1179 4317 1195 4368 44
1217 4317 1266 4368 366
1288 4315 1316 4368 3*
1334 4315 1548 4380 -Corporeitas
1561 4329 1611 4368 tion
1630 4317 1668 4368 di·
1703 4315 1812 4368 formal
1834 4315 1886 4368 643
1905 4329 1961 4380 arg.
1982 4317 1995 4368 2

409 4431 442 4446 ·-
461 4407 537 4472 Quod
557 4411 595 4460 est
615 4405 993 4470 pereformasnbieetumae·
1028 4405 1062 4456 eit
1080 4407 1221 4468 perfectam
1247 4407 1346 4458 formae
1370 4405 1542 4458 actualitatem
1571 4405 1589 4456 ll
1615 4405 1661 4458 3th
1740 4403 1773 4456 44
1793 4431 1825 4440 -
1844 4405 2181 4458 eristenssecuodumesse
2201 4407 2341 4472 incomple-

353 4495 497 4548 ridentium
515 4507 573 4548 esse
602 4509 652 4546 oon
683 4491 992 4560 persentiscat
1028 4491 1058 4542 6*
1075 4491 1299 4548 -substamiaiis
1317 4505 1458 4558 corporum
1474 4495 1560 4558 specie
1579 4491 1668 4546 ‹liner-
1703 4497 1756 4544 tom
1778 4495 1802 4544 in
1823 4497 1929 4546 materia
1948 4501 1975 4546 et
1997 4495 2148 4548 indifferens
2165 4499 2190 4546 et
2210 4497 2340 4560 possibilis

353 4585 387 4636 89
406 4581 424 4636 f.
446 4583 453 4634 i
477 4611 512 4622 -
530 4587 585 4636 sine
611 4585 716 4636 materia
747 4597 797 4636 non
824 4587 909 4648 potest
934 4595 991 4636 esse
1027 4593 1119 4632 sorum
1131 4583 1249 4634 neutrius
1259 4587 1300 4636 est
1312 4583 1392 4634 forma
1410 4581 1500 4634 altimo
1509 4581 1666 4646 completiva
1702 4581 1735 4632 ad
1754 4581 1837 4634 mulia
1851 4583 2020 4648 producenda
2040 4583 2219 4648 largedieitur
2237 4587 2339 4636 liniver-

353 4671 501 4726 subiectum
525 4673 534 4722 l
561 4671 613 4724 360
637 4671 652 4722 ι.
677 4675 697 4724 i.
717 4673 741 4724 V
761 4671 808 4724 364
832 4671 990 4724 42-εοε
1028 4671 1047 4722 44
1065 4671 1112 4720 324
1136 4669 1166 4722 5*
1189 4669 1251 4726 ride
1275 4671 1303 4724 V.
1321 4671 1383 4724 Lae
1403 4671 1428 4722 in
1446 4671 1535 4722 lodice
1553 4683 1641 4734 gener.
1701 4671 1776 4736 salis,
1795 4671 1901 4722 sinesii
1921 4673 2001 4722 iorrna
2023 4673 2340 4740 totiussireformapar·

353 4761 460 4826 suscipit
478 4761 623 4812 accidentia
642 4761 690 4812 nisi
710 4775 758 4824 per
770 4763 905 4812 materiam
919 4761 937 4812 ii
956 4759 990 4812 89
1079 4785 1116 4800 -
1133 4761 1305 4812 elementares
1322 4765 1382 4812 sont
1401 4761 1515 4824 primae,
1541 4773 1609 4826 quae
1627 4761 1666 4812 io·
1702 4761 1734 4812 tis
1753 4761 1769 4810 ll
1792 4757 1842 4812 442
1862 4761 1877 4812 6
1898 4761 1931 4800 -”-
1951 4763 2032 4824 εεειιε
2051 4761 2214 4812 condicitur
2233 4765 2338 4826 proprie

352 4851 372 4904 ι.
391 4851 414 4902 4.
434 4849 462 4902 94
489 4847 516 4902 i*
1026 4853 1086 4900 suot
1107 4851 1130 4900 ln
1158 4839 1263 4902 materia
1292 4851 1308 4902 ii
1332 4849 1383 4902 293
1409 4863 1465 4912 arg·
1489 4849 1503 4898 3
1533 4875 1566 4888 ·-
1598 4849 1665 4900 Ultra
1701 4849 1857 4900 universalis
1869 4851 1887 4900 ll
1903 4847 1947 4902 444
1967 4851 2115 4914 a-partis
2127 4851 2271 4914 potestdici
2285 4853 2339 4904 uni·

405 4967 440 4978 -
460 4953 507 5004 per
525 4953 554 4992 se
572 4941 630 4990 sine
655 4941 764 4992 materia
790 4945 828 4990 est
856 4941 938 4992 otiosa
956 4935 991 4988 lV
1026 4939 1125 4990 formas
1143 4939 1315 4990 elementares
1337 4951 1389 4990 uon
1416 4945 1453 4990 est
1473 4939 1597 4990 resolutio
1617 4939 1664 4988 nisi
1700 4937 1809 4990 versatis
1822 4937 1980 4992 radicatione
1994 4945 2022 4990 ut
2035 4937 2182 4992 fadiiierens
2202 4939 2235 4990 ad
2248 4939 2337 5006 muita,

352 5027 402 5080 244
424 5031 441 5082 i.
461 5027 477 5080 3
500 5053 532 5064 -
552 5031 576 5080 ln
592 5025 684 5080 formis
696 5027 752 5080 sine
764 5029 871 5080 materia
887 5039 938 5078 non
951 5031 992 5078 est
1026 5027 1060 5080 ad
1079 5029 1214 5080 oxateriam
1235 5025 1428 5092 primam-ibid.
1702 5041 1769 5094 quae
1789 5035 1899 5092 possunt
1917 5027 1971 5080 lieri
1991 5043 2025 5080 ex
2045 5031 2102 5094 ipsa
2120 5025 2180 5080 ibid.
2207 5055 2241 5066 -
2270 5043 2337 5094 quae

352 5117 520 5170 contrarietas
539 5129 587 5168 nec
608 5121 741 5168 contat-tus
760 5115 794 5166 lV
813 5115 859 5166 284
883 5111 974 5180 arga
1079 5145 1113 5154 —
1133 5117 1289 5170 universalis
1313 5125 1433 5180 respectu
1460 5117 1588 5170 ulterioris
1614 5119 1665 5170 ior·
1700 5115 1868 5168 essentialiter
1887 5117 2052 5180 praedicatur
2075 5117 2107 5170 de
2132 5115 2265 5180 nitoribus,
2286 5131 2337 5170 noo

403 5231 439 5244 -
452 5211 666 5268 sonteoocretae,
686 5197 831 5256 abstractae
844 5209 871 5256 et
887 5215 991 5268 separa·
1027 5219 1085 5256 mae
1104 5211 1141 5256 est
1161 5219 1206 5256 ens
1226 5207 1251 5258 in
1271 5207 1383 5270 potentia
1407 5205 1424 5256 il
1445 5203 1496 5258 439
1517 5221 1572 5270 arg.
1596 5205 1609 5256 4
1628 5233 1665 5244 -
1701 5213 1855 5268 potestesse
1868 5207 1916 5256 nisi
1929 5205 2011 5258 ferma
2024 5205 2337 5270 totomrompiecteosib.

350 5299 391 5346 tae
410 5293 435 5346 V
455 5291 506 5346 476
524 5295 540 5346 9
560 5319 594 5334 ·-
614 5291 668 5344 lion
682 5291 795 5358 videtur,
809 5293 882 5358 quod
895 5291 989 5344 eadem
1025 5293 1180 5346 nrriversalis
1197 5295 1344 5346 secondum
1358 5295 1458 5360 aliquos
1471 5301 1508 5346 est
1521 5309 1567 5346 ens
1580 5295 1605 5346 in
1620 5309 1665 5358 po·
1701 5293 1719 5346 b
1741 5293 1803 5346 Vide
1828 5293 1855 5346 V.
1875 5291 2032 5348 iiuieersnie
2048 5303 2074 5346 et
2099 5295 2125 5346 V.
2147 5295 2301 5348 Commune.

350 5383 434 5434 forma
458 5383 492 5432 sit
514 5387 633 5448 separata
657 5383 753 5446 pariter
770 5385 798 5432 et
815 5383 951 5434 coniuncta
971 5379 989 5430 44
1025 5385 1102 5435 tentia
1123 5389 1242 5446 respectu
1262 5383 1465 5436 differentiarum
1486 5385 1502 5436 ll
1523 5383 1573 5436 443
1595 5385 1665 5436 b-
1751 5409 1789 5422 -
1815 5383 1841 5434 in
1870 5383 1962 5434 formis
1988 5383 2156 5448 generalibus
2185 5385 2270 5448 caragis
2298 5393 2337 5436 εει

350 5471 384 5524 46
402 5469 422 5522 b
1025 5473 1179 5524 universalis
1198 5473 1314 5538 quodam
1333 5471 1546 5524 mododicltens
1564 5473 1589 5522 in
1604 5477 1662 5524 actu
1699 5473 1872 5524 communitas
1892 5471 2027 5536 analogiae
2045 5471 2190 5524 secundum
2213 5475 2295 5538 magis
2310 5481 2337 5526 ει

403 5587 440 5598 -
456 5561 524 5612 nulia
544 5565 583 5614 est
602 5559 756 5624 separabilis
773 5575 787 5610 a
803 5559 989 5624 corpore,nisi
1024 5565 1050 5612 et
1067 5561 1184 5626 quodam
1204 5561 1287 5614 modo
1304 5563 1333 5612 in
1350 5563 1461 5626 potentia
1482 5559 1543 5614 iliu.
1700 5563 1801 5624 mione,
1821 5567 1848 5610 et
1867 5561 1938 5622 prius
1963 5567 1988 5612 et
2011 5561 2154 5624 posterius,
2177 5575 2256 5628 quam
2283 5565 2336 5614 tini·

349 5661 418 5714 qnae
437 5647 515 5702 habet
532 5649 711 5714 operationem
732 5649 866 5714 propriam
885 5651 989 5712 praeter
1076 5675 1114 5688 ·-
1131 5651 1287 5714 incompleta
1309 5649 1442 5712 dispositio
1461 5649 1664 5700 estadiormas
1699 5651 1802 5700 vocatio
1821 5651 1839 5700 il
1859 5649 1908 5700 324
1930 5647 1960 5700 3*
1978 5679 2013 5690 -
2031 5655 2070 5704 εει
2090 5663 2138 5702 una
2160 5649 2274 5714 pluriam
2299 5665 2337 5704 se·

348 5747 447 5802 corpus
464 5739 483 5790 ii
504 5735 555 5788 462
574 5735 589 5788 4.
612 5739 623 5788 4
1025 5739 1160 5790 ulteriores
1179 5737 1196 5788 ll
1217 5739 1268 5790 336
1288 5753 1351 5790 ε·-
1364 5751 1500 5804 quaenon
1520 5743 1559 5790 εει
1571 5739 1662 5790 altimo
1698 5739 1814 5790 cundum
1835 5741 1964 5804 speeiem,
1984 5739 2026 5790 rel
2046 5753 2093 5804 per
2111 5739 2336 5804 participationem

401 5837 524 5892 -quae
544 5831 582 5878 est
602 5827 686 5878 forma
705 5833 819 5892 tantum,
842 5833 882 5880 est
904 5825 988 5878 forma
1023 5829 1194 5890 completiva,
1214 5835 1258 5876 aut
1277 5835 1316 5880 εει
1337 5827 1475 5892 dispositio
1493 5829 1659 5892 imperfecta,
1697 5829 1845 5880 secundum
1863 5829 1995 5894 quandam
2019 5829 2144 5880 rationem
2164 5829 2298 5892 analogiae
2318 5829 2335 5880 ll

348 5913 526 5978 accidentalis,
548 5913 587 5966 vei
609 5913 691 5964 forma
715 5917 873 5968 υειεετεειιε
894 5915 914 5966 il
937 5911 988 5966 446
1023 5929 1092 5982 quae
1112 5919 1170 5968 nata
1188 5919 1227 5966 est
1246 5915 1334 5980 pertici
1349 5929 1395 5980 per
1410 5917 1525 5968 ultimam
1541 5917 1662 5980 formam,
1698 5915 1792 5982 illita
1819 5945 1857 5956 —-
1882 5919 1955 5982 Quae
1984 5917 2160 5970 diversimode
2181 5919 2336 5982 participant

350 6003 378 6054 t*
396 6031 433 6042 -
449 6001 624 6056 accidentales
647 6015 699 6054 non
728 6001 824 6054 babent
852 6005 987 6054 materiam
1022 6013 1206 6072 auttauqnam
1228 6005 1326 6058 formae
1345 6005 1462 6066 eorporis
1480 6007 1661 6056 conservativa
1697 6007 1808 6060 formam
1828 6021 1997 6060 communem
2015 6007 2136 6058 diversos
2156 6003 2250 6058 babent
2276 6021 2337 6072 gra·

347 6099 450 6158 partem
467 6095 511 6146 sni
528 6091 599 6144 4493
620 6093 636 6144 ι.
658 6091 673 6142 4
1023 6095 1042 6146 ll
1061 6093 1108 6144 324
1133 6091 1172 6144 fxi.
1190 6093 1243 6146 369
1262 6091 1337 6144 4*-
1350 6093 1438 6144 ultime
1457 6105 1509 6144 non
1530 6091 1662 6146 inducitur
1696 6093 1748 6148 dtis
1764 6097 1945 6160 completionis
1976 6101 1999 6148 et
2019 6097 2078 6148 ideo
2101 6095 2220 6148 diversas
2238 6097 2335 6148 formas

399 6209 437 6222 -
454 6183 639 6248 appetitunirf
653 6183 777 6234 materiae
793 6183 810 6234 ll
824 6183 877 6234 866
890 6195 945 6246 arg.
960 6179 987 6232 6.
1022 6185 1077 6234 sine
1097 6183 1188 6234 formis
1206 6177 1368 6234 intermediis
1379 6179 1413 6230 iV
1432 6181 1483 6232 943
1503 6181 1530 6234 d.
1550 6179 1612 6232 i-
1625 6183 1661 6234 ui·
1697 6185 1868 6248 completivas
1888 6187 1907 6236 li
1925 6183 1977 6236 359
1995 6201 2008 6236 a

347 6269 377 6322 V
391 6271 443 6324 286
461 6269 480 6324 b
499 6299 533 6312 -·
554 6285 602 6338 per
620 6271 765 6336 appetitum
785 6267 864 6324 babet
881 6269 987 6322 inclina·
1021 6273 1083 6322 tima
1106 6285 1156 6324 ooo
1175 6271 1280 6324 additur
1300 6269 1423 6324 materiae
1434 6271 1535 6332 primae
1547 6273 1604 6324 sine
1615 6273 1661 6324 aii·
1748 6287 1815 6324 -e
1844 6279 1932 6326 natura
1954 6289 2002 6324 tion
2024 6273 2335 6338 producunturmediao-

347 6363 445 6412 tionem
464 6361 498 6414 ad
526 6361 663 6414 materiam
692 6361 827 6426 propriam
849 6359 868 6412 il
887 6357 939 6412 448
958 6355 987 6408 4*
1022 6373 1090 6426 quo,
1117 6359 1188 6426 qnod
1211 6363 1245 6414 sit
1268 6357 1405 6426 dispositio
1429 6357 1471 6408 rel
1496 6361 1520 6410 in
1547 6363 1660 6426 potentia
1697 6361 1767 6414 tibos
1787 6363 1875 6414 formis
1895 6363 2088 6416 universalibus
2108 6363 2125 6414 tl
2147 6361 2197 6414 446
2212 6365 2227 6414 i.
2240 6363 2268 6416 6.
2284 6361 2334 6414 442

346 6467 382 6490 -
400 6461 453 6502 non
471 6451 564 6502 unitur
579 6449 702 6500 materiae
728 6449 775 6500 uisi
795 6447 925 6502 mediante
943 6461 987 6510 ap·
1022 6447 1055 6498 ad
1082 6447 1168 6514 illam,
1196 6449 1238 6500 rel
1267 6449 1335 6500 nulla
1365 6447 1446 6498 forma
1476 6447 1608 6500 interiecta
1635 6449 1660 6500 V
1697 6465 1721 6516 a,
1741 6447 1769 6500 3*
1789 6477 1822 6490 --
1842 6451 1987 6504 secundum
2005 6451 2108 6516 aliquos
2126 6451 2273 6504 secundnm
2293 6465 2336 6516 ge·

346 6539 428 6602 petitu
450 6537 528 6590 4646
549 6551 605 6600 erg.
626 6537 640 6590 3
659 6563 695 6576 ·-·
719 6539 859 6602 Appetitas
885 6539 986 6590 foratae
1022 6537 1068 6590 354
1094 6537 1128 6588 tt
1696 6539 1857 6592 uenationem
1876 6545 1902 6592 et
1924 6549 2043 6592 naturam
2060 6539 2156 6592 eodem
2174 6541 2266 6592 ordine
2285 6539 2334 6592 sibi

347 6635 435 6682 ortum
454 6627 531 6680 babet
552 6625 585 6680 ab
604 6627 714 6678 essentia
735 6625 797 6680 ibid.
1072 6651 1110 6666 -
1127 6627 1247 6678 elementi
1259 6627 1395 6680 ordinatur
1408 6623 1440 6676 ad
1460 6625 1571 6678 formam
1586 6629 1659 6678 mixti
1695 6629 1841 6680 sixceednnt
1859 6627 1925 6678 sicut
1943 6629 1968 6678 in
1988 6641 2086 6692 genere
2104 6627 2120 6678 il
2143 6627 2152 6676 i
2160 6627 2191 6678 69
2213 6627 2230 6680 b

383 6713 414 6766 lt)
433 6739 468 6752 -
496 6711 573 6768 debet
597 6715 789 6778 proportionem
819 6715 944 6768 materiae
966 6713 984 6766 ll
1020 6715 1040 6764 li
1061 6713 1092 6766 42
1113 6713 1150 6768 2*.
1170 6715 1191 6766 V
1211 6715 1264 6768 332
1285 6717 1372 6768 48-
1394 6713 1497 6766 liseria
1523 6717 1600 6780 prius
1618 6731 1659 6768 sn·
1748 6743 1785 6756 -
1803 6717 1957 6768 universalis
1977 6717 2206 6770 nondieitoresse
2225 6719 2334 6782 nisiper

345 6801 398 6854 377
416 6815 473 6868 arg.
494 6803 564 6852 2-
590 6801 702 6854 Νεεεεεε
728 6809 774 6866 εει,
795 6803 932 6856 materiam
959 6811 985 6856 et
1019 6805 1096 6868 scfpit
1120 6805 1232 6856 formam
1256 6789 1455 6866 elementarem,
1480 6811 1503 6856 ει
1529 6805 1659 6858 mediante
1694 6805 1861 6858 eductionem
1876 6807 1986 6858 alicuius
1998 6805 2138 6870 singularis
2157 6807 2175 6858 44
2189 6805 2240 6858 442
2262 6805 2334 6858 ι*-

343 6891 456 6942 formam
476 6891 670 6956 proportioneri
694 6891 729 6942 ad
756 6893 869 6944 invicem
892 6891 910 6943 ii
931 6891 983 6946 465
1018 6891 1060 6944 ilia
1075 6895 1146 6946 verit
1160 6891 1192 6946 ad
1207 6895 1318 6946 formam
1332 6891 1515 6958 mixtioniS,et
1528 6893 1658 6948 mediante
1696 6893 1850 6946 universalis
1868 6907 2001 6960 boeotiam
2022 6901 2059 6948 est
2078 6897 2133 6946 sine
2153 6895 2300 6958 particulari
2314 6897 2331 6946 ll
