5808 8400
305 611 371 684 344
1146 609 1261 674 tubex
1285 607 1476 676 SECUNDUS

599 701 655 754 see
1952 695 2008 746 666

357 817 392 836 -
411 793 449 840 esi
468 803 564 842 nomen
583 789 725 842 affectionis
738 793 762 842 et
775 767 870 842 nomen
888 783 944 840 vir·
983 813 1016 824 —
1035 791 1062 838 ut
1079 785 1191 838 sumitur
1210 787 1383 836 communiter
1397 797 1444 848 pro
1458 785 1615 848 suspicione,
1655 779 1682 832 3*
1701 809 1735 822 -
1749 785 1796 836 Per
1813 797 1888 848 spem
1913 787 2077 846 exspectatur
2096 783 2193 836 66666
2214 797 2292 848 66666

305 875 375 932 lulis
393 877 422 928 414
443 875 494 928 683
524 877 550 930 d.
570 879 585 928 9
606 905 640 916 -
666 875 816 928 Secundum
846 875 943 940 aliquid
981 877 1065 938 potest
1091 887 1147 926 esse
1173 887 1224 926 non
1242 877 1343 925 tamum
1367 871 1443 936 boni,
1473 869 1616 924 sedetiam
1658 883 1761 922 omnem
1782 871 1986 926 aestimationem
2007 873 2107 926 444556
2127 871 2293 926 iai-eiam

305 967 343 1020 sui
357 965 590 1018 dicitallectionem
605 967 672 1018 circa
685 965 838 1016 animamlll
853 959 904 1016 557
916 959 943 1014 3*
982 961 1042 1012 6644
1062 961 1088 1012 444
1109 959 1161 1012 584
1181 959 1206 1012 6.
1226 959 1458 1026 4-466606646
1472 965 1496 1010 64
1512 965 1617 1012 extense
1656 959 1769 1010 664666
1793 965 1943 1026 exspectare
1971 975 2000 1012 ea
2030 963 2098 1028 quae
2124 967 2184 1012 sunt
2213 975 2292 1026 snpra

306 1081 339 1092 --
359 1055 502 1118 aequivoce
521 1055 647 1118 accipitur
667 1067 715 1118 666
734 1055 791 1118 4666
809 1049 942 1106 affectione
982 1051 1107 1114 accipitur
1124 1061 1173 1114 666
1185 1049 1333 1112 suspicione
1347 1047 1408 1100 boni
1423 1049 1463 1098 vel
1476 1049 1537 1098 mali
1554 1045 1616 1100 4646.
1657 1059 1761 1098 66666
1793 1049 1996 1100 aestimationem
2026 1051 2173 1116 ⁸humanam
2210 1055 2240 1100 et'
2263 1063 2291 1102 ea

305 1147 390 1206 cipro
405 1139 642 1208 babituregulante
656 1141 945 1194 illiusaiiectionlsmo·
1034 1167 1069 1176 -
1087 1143 1125 1190 664
1145 1143 1264 1200 respectu
1286 1135 1364 1188 loturi
1382 1135 1412 1188 lli
1430 1133 1483 1188 584
1501 1133 1530 1186 d.
1549 1133 1563 1184 4
1582 1163 1618 1173 -
1658 1147 1725 1200 6666
1742 1137 1861 1198 promisit
1874 1135 1980 1202 largitas
1999 1137 2089 1190 divina
2109 1135 2137 1188 444
2156 1135 2244 1188 5566
2291 1145 2293 1150 ’

307 1229 530 1282 4664446564*
548 1257 583 1270 -
605 1235 689 1298 664664
707 1228 813 1294 intelligi
843 1229 943 1280 aiieotio
982 1225 1116 1290 Sperando
1144 1227 1204 1276 sunl
1232 1223 1317 1276 lutura
1345 1225 1372 1276 444
1401 1223 1452 1276 484
1473 1223 1563 1286 argi
1583 1253 1618 1262 -
1712 1247 1746 1262 ·-
1763 1229 1801 1274 est
1820 1227 1977 1286 exspectatio
1995 1223 2056 1278 boni
2077 1225 2172 1278 aeterni
2201 1229 2229 1276 ut
2257 1225 2294 1278 lu·

307 1321 418 1384 animae,
438 1319 482 1370 rel
499 1319 557 1384 4666
575 1333 618 1372 666
635 1321 792 1382 exspectata,
809 1317 853 1368 vel
872 1315 944 1366 babi-
983 1315 1089 1378 proprie
1107 1317 1145 1366 est
1165 1313 1297 1364 luturilV
1316 1313 1367 1364 909
1387 1309 1418 1364 5*
1434 1339 1472 1351 -
1489 1317 1619 1376 exspectat
1661 1313 1709 1362 turi
1729 1313 1905 1376 temporaliter
1930 1311 2044 1364 habendi
2072 1317 2098 1366 in
2126 1313 2244 1376 praemio
2264 1314 2292 1365 444

305 1413 360 1472 466,
374 1407 419 1472 qui
434 1407 520 1472 dirigit
539 1409 640 1460 animae
659 1409 760 1456 motum
779 1409 804 1456 et
822 1405 942 1456 aflectum
983 1415 1030 1466 per
1049 1401 1158 1454 modurn
1178 1401 1256 1452 loturi
1284 1401 1302 1452 44
1321 1399 1372 1454 955
1393 1401 1419 1452 6.
1439 1403 1449 1452 4
1474 1427 1509 1440 -
1529 1404 1566 1452 est
1586 1399 1618 1452 de
1659 1397 1754 1448 5896.
1777 1399 1786 1448 4
1808 1425 1847 1436 -
1864 1401 1971 1464 proprie
1988 1403 2017 1452 ut
2045 1403 2128 1454 virtus
2148 1403 2291 1466 theologica

308 1493 332 1544 46
353 1491 416 1544 illud
435 1493 507 1558 quod
526 1489 731 1556 exspectandum
749 1495 788 1542 est
815 1487 848 1542 ie.
868 1505 881 1540 a
901 1501 942 1554 sq.
983 1491 1068 1542 tuturo
1087 1495 1112 1542 el
1130 1503 1182 1542 non
1201 1487 1291 1540 babilo
1310 1487 1410 1542 444797
1428 1503 1441 1540 6
1461 1517 1497 1526 -
1514 1493 1617 1540 664666
1658 1491 1694 1538 664
1715 1487 1738 1538 46
1758 1487 1859 1538 66666
1878 1487 1928 1538 666
1948 1489 2046 1540 6644666
2065 1491 2162 1542 6646664
2181 1487 2242 1544 ibid.
2257 1517 2292 1532 ·-

309 1609 343 1618 --
368 1583 474 1646 proprie
503 1581 616 1632 sumitur
638 1591 688 1642 pro
716 1579 773 1642 ipsa
793 1577 886 1644 virtute
916 1577 943 1628 444
983 1577 1089 1630 babilli
1119 1577 1180 1630 997,
1199 1575 1237 1628 3*.
1256 1577 1284 1628 444
1304 1577 1356 1630 584
1383 1577 1411 1630 6.
1430 1577 1455 1628 3.
1477 1577 1528 1628 585
1547 1575 1573 1628 6.
1595 1577 1618 1628 5.
1658 1571 1793 1628 06466466
1812 1577 1949 1640 proprium
1969 1583 1992 1628 et
2019 1577 2127 1630 formale
2147 1577 2203 1628 sire
2222 1581 2293 1630 neoti·

310 1667 362 1722 684
382 1667 443 1720 dl
641 1707 648 1716 .
984 1667 1034 1718 683
1053 1667 1071 1718 4.
1101 1665 1123 1718 4.
1153 1663 1202 1718 685
1226 1661 1261 1718 9*.
1286 1667 1337 1718 689
1358 1681 1371 1720 6
1389 1663 1560 1718 ——habilitat
1578 1679 1619 1716 re-
1658 1675 1721 1714 vum
1748 1671 1788 1716 est
1811 1663 1912 1718 bonum
1939 1671 2075 1718 aeternum
2103 1663 2164 1718 itta.
2184 1695 2219 1704 —
2246 1667 2294 1718 966

361 1785 396 1796 -
414 1755 522 1808 Habitus
542 1757 599 1820 6664
618 1757 784 1820 computatur
803 1755 869 1806 inter
887 1753 960 1806 vir·¹
984 1763 1074 1820 spectu
1094 1753 1224 1820 absentis,
1246 1767 1297 1806 nou
1325 1761 1444 1820 respectu
1477 1755 1619 1820 praesentis
1658 1753 1878 1816 comparationem
1901 1751 1933 1804 ad
1953 1751 2235 1820 obiectumproprium
2255 1763 2294 1808 est

311 1849 379 1902 tutes
398 1845 427 1896 ill
446 1843 498 1896 569
517 1845 534 1896 i.
555 1843 708 1894 3-66646
729 1843 885 1908 exspectatio
911 1841 945 1894 iu·
984 1844 1011 1896 444
1030 1841 1082 1896 797
1103 1841 1183 1896 9*’-
1201 1841 1263 1896 dicit
1283 1843 1425 1898 absentiam
1450 1841 1512 1894 beni
1533 1855 1619 1906 exspe·
1658 1835 1753 1904 virtus,
1774 1855 1824 1906 666
1846 1841 1985 1906 66464466446
1999 1847 2026 1894 64
2038 1847 2141 1896 aeterna
2156 1841 2223 1894 bona
2236 1857 2292 1910 spe·

307 1939 432 1986 turorum
460 1923 499 1984 est
526 1939 599 1984 aetus
623 1931 726 1984 virtutis
744 1931 771 1982 444
791 1931 843 1982 667
863 1927 892 1982 9*
910 1957 945 1970 ·-·
984 1935 1041 1986 clati
1059 1931 1163 1984 444685
1182 1929 1210 1982 4*
1658 1937 1746 1982 rantur
1757 1927 1819 1982 t'bt‘d.
1834 1929 1883 1982 583
1899 1929 1997 1982 69-
2014 1931 2151 1984 06466466
2165 1933 2292 2000 generale,

309 2023 392 2086 magis
413 2025 450 2072 est
470 2021 495 2072 in
514 2033 612 2084 genere
629 2019 732 2072 virtutis
759 2033 837 2084 quam
869 2021 945 2072 timor
1037 2051 1071 2062 -
1089 2027 1128 2074 664
1147 2021 1180 2072 66
1199 2021 1293 2074 tuturis
1311 2021 1386 2080 bonis
1407 2021 1434 2070 444
1454 2017 1503 2070 479
1518 2033 1575 2084 arg.
1596 2017 1619 2070 4.
1658 2019 1729 2084 6666
1748 2017 1827 2070 66664
1840 2019 1965 2070 66446666
1979 2021 2130 2084 materialis,
2146 2027 2205 2074 sum
2223 2013 2291 2074 bona

306 2109 340 2164 46.
361 2105 442 2162 3*-
461 2107 770 2174 66464646666666666
790 2107 862 2176 6666
881 2105 945 2160 dicit
984 2107 1186 2164 66949675
1216 2099 1272 2174 arg.
1292 2109 1385 2162 3576
1407 2107 1431 2160 6.
1451 2107 1503 2160 766
1529 2109 1618 2172 arga
1657 2109 1799 2172 spiritualia
1828 2105 1931 2160 444589
1963 2109 1988 2162 6.
2020 2111 2145 2162 4-664
2170 2117 2291 2176 respectu

304 2201 433 2252 rationem
446 2201 533 2248 66466
545 2203 570 2250 64
582 2197 757 2262 protensionis
770 2197 872 2248 animae
882 2193 945 2250 ibid.
983 2225 1017 2244 *—
1043 2201 1131 2252 Anima
1162 2201 1271 2252 afficitur
1295 2199 1429 2252 allectione
1457 2197 1527 2262 spei,
1557 2209 1617 2248 cunr
1658 2195 1719 2246 boni
1739 2197 1845 2260 gloriosi
1868 2199 1946 2250 creati
1975 2203 1999 2250 et
2027 2201 2202 2264 principaliter
2230 2201 2294 2252 3664

311 2287 428 2338 —Dum
441 2287 526 2336 anima
542 2287 589 2350 ipsi
604 2287 747 2336 immensae
759 2285 870 2350 largitati
882 2285 946 2336 inni·
985 2287 1157 2354 apprehendit
1175 2289 1270 2354 aliquid
1292 2287 1407 2338 nondum
1427 2285 1619 2348 praesens,sed
1658 2287 1763 2336 increati
1792 2283 1851 2340 ibid.
1871 2315 1907 2324 -
1925 2285 2019 2338 dieitur
2045 2296 2196 2354 exspectare
2224 2289 2291 2342 bona

305 2373 945 2440 444666666466666466666666,6664446646
984 2377 1101 2432 4646666
1119 2375 1287 2430 6666644666
1305 2375 1496 2440 convenientis,
1517 2375 1620 2426 6466644
1658 2377 1760 2426 aeterna
1789 2377 1896 2440 proprie
1922 2375 1990 2428 dicta
2021 2375 2052 2428 de
2073 2377 2144 2428 Bono
2162 2375 2292 2444 increato,

306 2469 331 2516 et
344 2475 464 2528 superse
478 2465 596 2516 elevatur
610 2469 633 2516 et
648 2463 700 2514 Deo
713 2469 818 2528 accepta
831 2463 943 2514 efficitur
985 2471 1098 2532 potestas
1116 2463 1271 2532 assequendi
1292 2463 1320 2516 444
1340 2461 1422 2516 5696
1657 2463 1698 2514 vel
1720 2461 1786 2516 bona
1806 2471 1923 2528 aeterna,
1943 2465 1971 2516 46
1989 2469 2029 2516 664
2047 2469 2175 2530 perpetua
2195 2463 2256 2520 ibid.

303 2555 332 2606 444
353 2551 405 2606 556
426 2551 442 2604 6
461 2551 657 2604 -secundum
676 2549 747 2618 quod
766 2551 828 2604 dicit
848 2551 944 2616 passio·
1036 2581 1070 2594 -
1089 2561 1128 2608 664
1147 2555 1180 2606 66
1197 2551 1372 2606 invisibilibus
1394 2551 1472 2604 bonis
1490 2555 1619 2618 aeternis,
1713 2579 1745 2588 -
1772 2555 1799 2604 ul
1826 2551 1956 2606 46664446
1983 2551 2052 2606 6666
2083 2555 2232 2620 spiritualia,
2259 2555 2295 2606 dl·

304 2655 381 2706 uem,
411 2655 462 2692 uon
489 2639 567 2694 babet
595 2643 663 2694 circa
691 2641 776 2704 ipsam
805 2641 945 2694 consistere
983 2643 1127 2698 seeundum
1147 2643 1220 2708 quod
1239 2633 1369 2696 6664666
1389 2639 1490 2706 666446,
1509 2641 1556 2694 666
1575 2643 1617 2694 ba·
1657 2639 1797 2708 stinguitur
1814 2641 1849 2694 ab
1862 2641 1995 2694 allectione
2010 2643 2118 2696 naturali
2132 2641 2223 2696 444589
2237 2643 2265 2698 d.
2280 2645 2289 2694 4

309 2729 416 2784 babitus
434 2731 537 2782 virtutis
554 2729 582 2782 444
604 2727 654 2784 657
675 2727 702 2780 3*
721 2729 945 2792 —Habitusspei
984 2735 1116 2786 66666444
1144 2729 1194 2782 584
1226 2731 1250 2784 d.
1269 2731 1285 2782 3
1305 2759 1341 2768 -
1360 2735 1401 2782 664
1418 2729 1449 2780 66
1469 2743 1519 2780 666
1540 2743 1618 2796 6666-
1657 2729 2294 2794 -Sperarebonapraesentiaqueestmultum

314 2821 402 2888 dirigit
428 2819 607 2886 affectionem,
628 2833 696 2886 quae
724 2819 817 2874 dicitur
835 2831 897 2884 6666
918 2819 945 2870 444
983 2821 1101 2876 rentibus
1118 2821 1146 2876 444
1167 2821 1217 2872 683
1243 2819 1259 2870 4.
1280 2821 1290 2870 4
1313 2847 1350 2862 Ι--
1368 2821 1416 2872 Per
1434 2831 1509 2882 spem
1529 2819 1618 2870 666440-
1658 2817 1775 2886 64466446,
1794 2819 1862 2872 6666
1882 2827 1968 2872 tamen
1987 2819 2125 2874 invisibilia
2147 2825 2172 2874 64
2189 2829 2294 2874 6646666

300 2909 354 2962 569
375 2909 392 2960 4.
416 2911 439 2962 4.
458 2909 509 2960 573
529 2922 585 2974 arg.
607 2911 630 2960 9.
650 2907 701 2960 579
721 2909 739 2960 4.
758 2909 767 2958 4
984 2909 1086 2976 ramur,
1108 2923 1155 2962 nos
1174 2907 1308 2962 babituros
1326 2923 1383 2974 666,
1403 2921 1470 2974 6666
1483 2921 1534 2960 666
1547 2907 1619 2960 vide·
1657 2911 1806 2972 exspectare
1825 2909 1894 2962 certa
1915 2909 2007 2962 466646
2028 2915 2052 2962 64
2071 2923 2120 2976 666
2134 2909 2181 2962 illis
2196 2915 2295 2976 tempo-

358 3025 392 3036 ——
422 3009 473 3048 non
501 3005 541 3052 est
569 2997 668 3050 donum
692 2997 735 3048 vel
762 2995 897 3050 beatitudo
918 2995 945 3046 444
984 3013 1043 3052 666
1061 3001 1089 3050 444
1110 2997 1161 3050 484
1179 2999 1269 3062 erge
1658 2998 1721 3050 ralia
1740 2995 1806 3050 bona
1827 3003 1992 3052 contemnere
2012 2999 2229 3066 magnambabet
2247 2999 2294 3052 dii·

307 3085 359 3140 555
376 3085 429 3138 49
1035 3115 1070 3126 -
1102 3093 1139 3140 664
1171 3087 1317 3138 futurorum
1346 3099 1397 3138 uon
1428 3091 1556 3152 quantum
1583 3085 1616 3136 ad
1658 3085 1797 3140 4466446466
1816 3091 1843 3140 64
1860 3087 2013 3150 dignitatem
2033 3089 2059 3140 444
2081 3087 2132 3140 557
2154 3085 2181 3140 4*
2267 3121 2268 3126 1

359 3203 394 3214 —
414 3187 464 3226 non
485 3181 522 3228 est
549 3175 631 3226 virtus
644 3173 772 3226 omnibus
798 3175 854 3226 aliis
872 3185 944 3224 com·
982 3181 1105 3228 eventum
1125 3175 1291 3242 simpliciter,
1309 3175 1356 3226 sed
1375 3179 1501 3240 quantum
1523 3173 1556 3224 66
1575 3187 1618 3224 or·
1712 3203 1746 3214 —
1764 3179 1803 3226 est
1820 3181 1940 3240 respectu
1961 3175 2022 3228 boni
2042 3177 2194 3242 proprii,in
2207 3185 2292 3242 6666-

312 3263 398 3316 munis
417 3267 442 3314 et
460 3263 588 3328 generalis
609 3263 635 3314 444
656 3261 706 3314 560
728 3259 756 3314 4*
781 3279 783 3284 ·
984 3263 1069 3318 64666
1090 3269 1116 3316 64
1142 3269 1262 3328 respectu
1292 3263 1489 3328 exspectationis
1518 3263 1547 3314 144
1566 3263 1618 3314 586
1658 3267 1713 3314 tum
1733 3263 1901 3328 distinguitur
1919 3279 1932 3314 a
1952 3263 2103 3318 credulitate
2115 3263 2175 3316 6664
2190 3265 2220 3316 444
2239 3265 2290 3318 684

360 3379 394 3392 -
415 3351 498 3404 diiiert
525 3365 540 3404 6
565 3353 658 3404 446666
686 3357 713 3404 64
732 3353 815 3404 virtus
833 3365 849 3404 6
873 3349 942 3402 dono
982 3353 1008 3404 d.
1027 3353 1043 3404 4
1658 3351 1681 3404 d.
1704 3351 1720 3402 4
1737 3379 1774 3392 -
1792 3349 1857 3404 066
1876 3353 2001 3428 procedat
2021 3367 2050 3406 ex
2070 3353 2152 3418 gratia
2171 3357 2197 3404 et
2216 3355 2294 3406 meri-

304 3443 330 3494 444
345 3439 395 3492 569
416 3443 435 3492 l.
452 3439 518 3492 3-
531 3441 641 3494 differta
656 3443 748 3492 timore
767 3441 797 3492 444
816 3437 867 3492 479
886 3453 942 3504 arg.
1032 3469 1069 3480 -
1088 3455 1139 3494 666
1160 3447 1197 3494 664
1217 3443 1285 3494 cirea
1298 3441 1503 3506 complexionem
1518 3441 1618 3492 ratione
1658 3441 1701 3504 tis,
1724 3455 1770 3506 per
1797 3443 1920 3494 virtutem
1948 3443 2003 3506 spei
2024 3455 2101 3494 nemo
2128 3449 2217 3506 sperat
2243 3445 2291 3494 nisi

305 3527 329 3582 4.
351 3529 401 3582 568
423 3543 477 3594 arg.
494 3533 516 3580 9.
537 3529 583 3582 574
602 3527 639 3580 5*.
652 3527 703 3582 584
723 3527 750 3580 6.
769 3529 785 3580 4
804 3555 839 3568 -
859 3527 942 3580 dissert
981 3533 1072 3598 totius,
1094 3529 1140 3584 sod
1160 3531 1257 3582 ratione
1277 3531 1313 3582 rei
1334 3527 1472 3584 attributae
1488 3529 1516 3580 444
1538 3525 1617 3582 6676
1658 3527 1705 3580 sibi
1726 3525 1786 3582 ibid.
1805 3557 1840 3568 -
1859 3531 1965 3596 proprie
1984 3529 2091 3596 accepta
2116 3543 2166 3582 nou
2186 3533 2291 3584 estetsi

304 3621 445 3684 atimore,
465 3619 611 3672 secundum
630 3617 701 3686 6666
722 3617 942 3670 66646666446666
983 3647 1015 3656 -
1034 3623 1071 3672 664
1091 3623 1158 3672 eirca
1178 3633 1234 3672 rem
1253 3621 1443 3686 incomplexam
1457 3623 1483 3670 et
1495 3631 1546 3682 per,
1561 3631 1617 3670 mo·
1658 3623 1777 3682 respectu
1797 3619 1895 3684 proprii
1914 3617 2091 3670 6664444585
2109 3619 2133 3672 d.
2156 3619 2225 3670 4-
2248 3623 2292 3672 mi·

302 3707 329 3760 lll
349 3707 399 3758 569
421 3707 438 3758 4.
458 3707 471 3758 4
492 3713 568 3758 --64
586 3707 725 3760 babituset
737 3711 766 3758 ut
778 3707 878 3760 allectio
897 3707 942 3758 dil·
980 3707 1044 3760 dom
1073 3709 1290 3774 incomplexionis
1318 3706 1347 3760 ill
1374 3707 1426 3758 545
1450 3721 1507 3772 arg.
1541 3707 1554 3758 4
1583 3737 1616 3746 -
1656 3719 1706 3758 nus
1737 3709 1911 3760 communiter
1941 3707 2037 3760 dieitur
2062 3707 2097 3760 de
2123 3721 2292 3776 quacumque

306 3797 354 3850 lert
374 3809 387 3848 a
407 3797 499 3848 timore
518 3797 618 3850 ratione
640 3795 800 3868 differentiae
821 3801 942 3860 repertae
980 3799 1083 3862 respicit
1109 3797 1239 3850 obiectum
1268 3799 1294 3848 in
1322 3791 1472 3862 particulari
1496 3803 1616 3862 respectu
1657 3799 1848 3860 exspectatione
1866 3797 1938 3862 boni,
1960 3811 2028 3866 quae
2048 3803 2131 3860 potest
2160 3809 2291 3866 6666666

303 3887 328 3936 in
349 3889 406 3938 actu
437 3887 546 3950 proprio
574 3889 600 3938 et
623 3885 699 3938 etiam
719 3887 745 3934 in
764 3883 867 3938 obiecto
887 3897 941 3938 mo·
980 3885 1114 3950 sperantis
1127 3887 1145 3938 ll
1167 3887 1217 3938 997
1238 3887 1261 3938 6.
1283 3889 1298 3940 3
1657 3885 1741 3936 66466
1760 3887 1860 3952 proprii
1880 3885 1951 3952 boui,
1973 3887 2115 3938 sedetiam
2141 3887 2290 3940 communis

303 3975 357 4026 tivo
375 3969 408 4026 it.
429 3971 446 4024 b
464 4001 500 4010 -
518 3973 660 4026 formaliter
685 3975 825 4038 opponitur
856 3975 939 4026 timori
1031 3983 1122 4030 -est
1140 3977 1224 4028 virtus
1247 3977 1304 4042 illa,
1325 3989 1378 4042 666
1403 3977 1462 4040 quis
1487 3981 1617 4040 exspectat
1656 3971 1718 4028 t'bt'd.
2081 3975 2082 3978 ’

302 4061 336 4116 io.
356 4061 409 4114 49
979 4067 1125 4130 66666466
1144 4067 1261 4116 666466
1283 4067 1434 4118 meritorum
1449 4063 1477 4114 444
1491 4063 1543 4116 559
1556 4079 1616 4130 arg,
1712 4089 1746 4102 -
1766 4065 1929 4130 estv'eniae,
1957 4065 2054 4130 gratiae
2084 4069 2109 4116 64
2136 4065 2235 4128 gloriae
2261 4065 2291 4116 lll

355 4177 390 4190 -
409 4157 538 4220 repugnat
563 4151 738 4216 desperationi
758 4151 786 4202 444
807 4149 858 4202 579
878 4151 892 4202 4.
915 4151 940 4202 3.
980 4153 1049 4204 3-
1067 4155 1209 4218 Speremus
1228 4157 1326 4206 tantum
1348 4153 1463 4218 praemia
1484 4151 1576 4204 444559
1601 4153 1617 4206 l.
1657 4151 1701 4202 664
1733 4147 1781 4216 arg
1808 4153 1833 4204 3.
1853 4153 1904 4204 589
1924 4151 1948 4202 6.
1969 4154 1977 4203 4
2001 4179 2037 4190 -
2063 4157 2232 4218 eomparatur
2260 4151 2292 4204 ad

303 4241 355 4292 684
383 4253 440 4304 arg.
460 4239 476 4292 4
494 4265 529 4278 --
548 4245 679 4304 repugnat
701 4239 889 4302 praesumtioni
915 4247 939 4292 et
981 4241 1275 4304 3-babilitatipsam
1290 4243 1403 4294 animam
1423 4241 1454 4292 66
1468 4247 1618 4306 exspectan·
1658 4243 1766 4306 gratiam
1786 4245 1810 4292 et
1835 4241 1938 4292 veniam
1967 4245 2091 4308 tanquam
2119 4241 2187 4294 eirca
2218 4247 2294 4294 mate-

305 4329 478 4393 desperatioui
496 4329 525 4380 444
545 4327 597 4382 556
617 4329 633 4382 4.
653 4329 716 4380 3-
734 4329 852 4380 medium
872 4330 939 4380 tenet
979 4331 1041 4382 dum
1061 4331 1230 4384 substantiale
1248 4331 1395 4394 praemium
1422 4329 1448 4380 444
1469 4329 1554 4382 6866
1582 4357 1617 4370 -
1658 4329 1770 4382 6466444
1790 4329 1842 4382 569
1862 4325 1890 4382 3*

303 4421 369 4472 46466
387 4417 596 4482 desperationem
625 4423 650 4468 64
669 4415 890 4482 praesumtionem
911 4415 938 4466 444
977 4421 1083 4484 proprie
1103 4417 1234 4484 loquendo
1252 4417 1420 4484 estffpraemii
1440 4419 1618 4472 substantialis
1710 4419 1823 4482 -Spei
1843 4419 2038 4472 raliomoxens
2065 4425 2093 4472 et
2109 4417 2241 4472 obiectum
2270 4425 2293 4472 et

304 4505 354 4558 670
376 4503 404 4556 3*
422 4533 456 4544 -
476 4511 516 4558 664
534 4505 650 4558 666466
679 4507 744 4556 46466
768 4505 938 4570 praesumtio·
978 4507 1009 4560 444
1028 4487 1125 4562 5856.
1145 4507 1171 4560 6.
1195 4507 1248 4558 685
1269 4505 1296 4560 4*
1314 4509 1440 4572 -large
1454 4507 1513 4562 dicit
1529 4521 1617 4572 exspe
1657 4505 1716 4558 linis
1736 4507 1858 4572 proprius
1876 4505 2002 4560 estDeus
2021 4507 2050 4560 444
2069 4507 2119 4560 559
2140 4505 2157 4558 6
2176 4521 2293 4558 -666

303 4599 405 4646 66664
425 4595 648 4660 desperationem,
673 4593 718 4646 sed
738 4595 822 4658 magis
846 4607 939 4658 appro·
977 4597 1115 4650 646446666
1127 4597 1317 4664 cuiuscumque
1336 4595 1476 4662 spiritualis
1494 4595 1617 4650 beneficii
1657 4609 1704 4660 per
1724 4597 1900 4660 principaliter
1924 4595 2039 4649 intuetur
2062 4609 2145 4648 6666
2165 4593 2248 4648 66466
2270 4601 2294 4650 64

301 4685 381 4736 ximat
392 4683 426 4734 ad
440 4691 583 4736 extremum
594 4685 796 4748 praesumtionis
806 4679 867 4736 ibid.
976 4685 1004 4738 444
1022 4685 1073 4736 685
1094 4683 1122 4736 4*
1657 4697 1791 4736 666666
1809 4683 1911 4736 66666
1929 4685 1959 4736 444
1977 4685 2029 4736 763
2050 4681 2079 4736 4*
2093 4713 2124 4724 -·
2138 4685 2293 4738 confidendo
2308 4687 2312 4692 ”

353 4801 388 4812 -
407 4771 525 4826 differta
546 4771 612 4838 fide,
631 4773 690 4838 6646
710 4771 760 4824 666
778 4773 939 4826 alteratione
1032 4803 1066 4812 -
1085 4773 1168 4828 estin
1188 4773 1287 4826 bonum
1306 4773 1565 4826 subratioueardui
1587 4773 1617 4826 444
1658 4779 1682 4826 64
1712 4775 1846 4826 466446666
1875 4767 2019 4826 46666666
2049 4775 2160 4842 largitati
2187 4775 2294 4828 divinae

305 4861 409 4928 respicit
437 4859 507 4914 idem
535 4861 666 4914 obiectum
694 4861 723 4914 444
752 4861 803 4912 684
824 4859 849 4914 6.
870 4861 885 4914 3
903 4889 939 4900 -
980 4861 1031 4916 576
1052 4865 1067 4914 4.
1088 4865 1113 4930 3,
1133 4861 1149 4914 5
1169 4889 1202 4902 -·
1222 4861 1616 4928 Obiectumspeiestmagnum
1658 4865 1744 4916 omnia
1763 4865 1803 4916 illa
1823 4869 1968 4928 exspectat,
1987 4877 2054 4930 6666
2078 4863 2127 4916 6464
2148 4865 2217 4918 0666
2235 4879 2292 4930 pro·

306 4979 339 4988 -
369 4951 446 5002 Actus
475 4949 598 5016 sperandi
622 4949 762 5004 formaliter
791 4949 876 5004 diliert
905 4949 939 5002 ab
963 4959 1002 5006 ¹et
1025 4951 1137 5014 arduum
1159 4953 1187 5004 444
1205 4951 1256 5006 579
1275 4955 1294 5006 l.
1312 4953 1337 5020 6,
1357 4953 1373 5006 6
1391 4951 1545 5016 -6666644
1563 4953 1617 5004 ani-
1656 4953 1733 5006 mittit
1750 4953 1776 5004 in
1805 4953 1891 5006 tuturo
1916 4953 2085 5006 retribuenda
2103 4955 2131 5006 444
2152 4953 2202 5006 659
2222 4953 2239 5006 6
2258 4981 2293 4994 -

302 5045 361 5094 aolu
380 5039 504 5092 credendi
522 5045 549 5092 64
571 5039 696 5106 diligendi
715 5037 814 5092 444590
833 5039 884 5092 49
904 5067 939 5078 --
978 5055 1048 5092 mam
1067 5045 1187 5108 respectu
1207 5039 1282 5094 ardui
1302 5045 1326 5094 et
1346 5039 1491 5096 excellentis
1508 5041 1539 5094 444
1561 5039 1614 5094 676
1656 5029 1757 5104 66646,
1778 5057 1845 5108 6666
1863 5045 2007 5108 exspectat,
2027 5057 2078 5094 non
2099 5043 2181 5096 solum
2202 5057 2291 5108 exspe-

304 5121 468 5192 distinguitur
488 5143 503 5180 a
521 5129 627 5184 caritate
644 5127 790 5180 secundum
805 5129 939 5194 propriam
979 5129 1032 5184 44
1051 5159 1087 5169 -
1111 5133 1219 5198 Erectio,
1235 5135 1353 5196 quaeest
1370 5133 1395 5180 in
1417 5137 1479 5194 spe,
1510 5131 1617 5194 respicit
1656 5135 1706 5182 ctat
1726 5145 1740 5182 a
1758 5131 1827 5198 Deo,
1849 5129 1895 5184 sed
1915 5131 1992 5182 etiam
2017 5135 2149 5196 exspectat
2167 5131 2208 5182 4446
2228 5131 2291 5184 obti-

302 5221 430 5272 rationem
448 5217 543 5270 obiecti
572 5219 600 5270 444
625 5217 712 5270 6764.
733 5219 743 5268 4
766 5217 939 5270 -dillerta
979 5221 1155 5272 excellentiam
1174 5219 1202 5270 444
1223 5219 1274 5270 577
1296 5217 1323 5270 3*
1343 5249 1376 5258 -
1400 5221 1426 5272 in
1444 5219 1549 5270 obiecto
1568 5233 1618 5272 suo
1655 5233 1718 5270 nere
1736 5221 1761 5270 ln
1781 5221 1840 5284 ipso
1858 5221 1913 5272 066
1936 5219 1998 5272 ibid.
2017 5249 2052 5259 —-
2071 5225 2204 5286 exspectat
2221 5219 2291 5274 bona

302 5307 432 5360 desiderio
450 5307 479 5358 444
500 5305 551 5358 577
569 5321 594 5360 6.
612 5305 664 5360 585
684 5305 746 5358 65
983 5311 1066 5374 magis
1093 5309 1224 5362 concernit
1251 5308 1428 5360 excellentiam
1446 5321 1527 5372 6666
1547 5307 1617 5360 boni·
1657 5309 1787 5372 promissa
1817 5317 1877 5362 actu
1904 5311 2071 5374 consequenti
2104 5315 2128 5360 et
2157 5321 2292 5378 connexo,

309 5437 310 5440 ,
354 5395 549 5460 -aliquando
568 5393 939 5458 nominatbabitumvirtutis,
981 5403 1059 5450 tatem
1077 5395 1112 5452 ib.
1131 5411 1144 5450 6
1166 5425 1200 5436 -
1218 5395 1356 5450 obiectum
1373 5397 1430 5460 spei
1448 5403 1488 5450 est
1506 5395 1614 5462 bonum,
1656 5399 1717 5464 6646
1745 5397 1852 5452 confidit
1876 5397 1910 5450 de
1932 5397 2059 5450 immensa
2090 5399 2206 5462 largitate
2234 5413 2292 5464 pro-

305 5483 444 5550 aliquaudo
468 5491 572 5552 actum,
603 5483 744 5550 aliquando
770 5489 876 5552 statum,
896 5483 939 5536 ali·
980 5485 1026 5538 sed
1047 5485 1163 5540 nonsub
1183 5487 1283 5538 ratione
1305 5483 1375 5550 boui,
1393 5483 1440 5536 sed
1460 5485 1536 5536 ardui
1553 5485 1611 5538 sive
1656 5487 1779 5540 mittentis
1804 5487 1831 5538 444
1860 5485 1912 5540 560
1931 5483 1961 5536 4*
1988 5513 2024 5526 -
2051 5483 2187 5540 Oblectum
2218 5489 2289 5556 spei,
2348 5501 2352 5508 ·

308 5571 414 5638 666666
434 5573 573 5626 terminum
592 5575 648 5624 sive
665 5573 797 5624 obiectum
816 5571 942 5624 4445796
979 5577 1068 5642 magni
1094 5573 1156 5630 totu.
1184 5603 1220 5612 -
1239 5567 1467 5628 babet'obieotum
1487 5587 1614 5640 magnum
1656 5575 1728 5640 quod
1746 5575 1824 5626 babet
1845 5575 1971 5628 rationem
1989 5577 2096 5642 metiri,
2115 5583 2154 5630 est
2172 5577 2236 5642 6646
2255 5579 2292 5630 in·

309 5687 310 5690 ¹
353 5655 485 5712 06466466
502 5687 537 5700 ·-
557 5663 691 5726 Perspem
709 5663 796 5714 omnis
813 5663 895 5714 tendit
914 5663 939 5712 in
980 5671 1005 5716 et
1022 5664 1134 5718 arduum
1155 5665 1181 5714 in
1199 5663 1358 5716 confidendo
1376 5669 1401 5714 64
1419 5663 1444 5714 in
1464 5667 1618 5728 exspectan·
1655 5669 1786 5728 creatum,
1805 5665 1866 5732 quia
1892 5665 1948 5730 ipsa
1973 5667 2088 5718 innititur
2111 5665 2166 5718 Deo
2183 5671 2214 5718 ut
2232 5681 2291 5732 pre·

304 5747 402 5800 bonum
423 5747 515 5798 444568
535 5761 591 5812 arg.
607 5749 631 5800 4.
644 5747 696 5798 569
713 5763 769 5812 arg.
790 5749 807 5800 6
826 5779 861 5788 -
880 5747 942 5800 diri·
980 5753 1026 5818 do,
1048 5755 1109 5820 quia
1136 5765 1152 5804 a
1177 5753 1356 5816 potentissimo
1382 5755 1409 5802 et
1436 5749 1616 5804 liberalissime
1655 5753 1763 5804 mittenti
1777 5765 1871 5820 magna
1884 5753 1914 5804 444
1927 5753 1974 5806 664
1992 5753 2057 5806 b-
2070 5755 2192 5822 quamvis
2207 5769 2293 5808 verse·

304 5837 342 5902 git
362 5837 475 5888 animam
488 5837 513 5886 46
526 5837 720 5901 comparatione
740 5837 773 5888 ad
793 5837 891 5888 bonum
912 5839 940 5888 444
980 5853 1075 5906 magna
1094 5845 1225 5904 exspectat
1243 5837 1304 5894 ibid.
1330 5867 1367 5880 -
1395 5839 1499 5902 respicii
1531 5839 1613 5890 0666
1655 5825 1776 5894 turcirca
1791 5841 1859 5896 bona
1874 5849 1968 5910 creata,
1987 5857 2054 5908 quae
2072 5845 2291 5910 exspectatione

303 5927 354 5980 568
374 5939 431 5990 arg.
454 5927 470 5978 9
491 5929 582 5978 -est
609 5922 811 5988 respectabant
839 5927 939 5978 tantum
979 5927 1028 5978 sub
1048 5931 1145 5982 ratione
1164 5927 1239 5980 ardui
1257 5929 1286 5978 444
1306 5927 1357 5978 590
1375 5927 1392 5978 4.
1413 5927 1428 5978 9
1449 5953 1479 5964 -
1496 5927 1615 5978 Arduum
1654 5915 1739 5984 tamen
1759 5944 1869 5986 inurens
1887 5945 1938 5986 non
1964 5937 2002 5984 est
2027 5933 2132 6000 aliquod
2153 5937 2268 5984 creatum
2282 5969 2304 6000 ,.

301 6017 328 6068 444
358 6013 409 6068 575
429 6029 486 6080 arg.
517 6011 586 6064 i-
605 6013 708 6078 respicit
728 6011 828 6064 bonum
848 6025 939 6066 secun·
977 6021 1002 6068 et
1019 6017 1155 6080 excellere,
1176 6015 1207 6068 66
1228 6015 1300 6080 quod
1327 6015 1521 6080 assequendum
1555 6029 1616 6080 spos
1654 6019 1698 6072 sed
1720 6023 1878 6074 immensitas
1902 6023 1998 6074 summi
2017 6023 2082 6074 Boni
2108 6023 2289 6088 recreationi

305 6103 369 6158 dum
387 6103 459 6170 qued
482 6087 581 6168 bonum
608 6103 636 6158 444
655 6101 705 6154 480
727 6101 755 6154 4*
774 6131 808 6142 -·
835 6103 940 6168 respicit
967 6105 1062 6170 erigit,
1078 6119 1130 6156 non
1144 6107 1228 6168 potest
1240 6117 1298 6156 esse
1310 6105 1359 6158 nisi
1371 6103 1470 6156 bonum
1482 6105 1509 6158 444
1525 6103 1575 6158 578
1587 6103 1616 6158 4*
1655 6111 1769 6164 innititur
1787 6111 1814 6164 444
1826 6111 1885 6182 ,569
1907 6107 1936 6162 3*

303 6191 401 6246 66666
422 6191 471 6244 666
485 6195 582 6246 ratione
602 6191 778 6246 convenientis
798 6191 825 6244 444
839 6191 891 6246 570
911 6189 939 6244 4*
1031 6221 1065 6232 -
1084 6191 1221 6248 obiectum
1241 6195 1356 6256 6664664
1377 6193 1478 6246 66666
1506 6195 1557 6248 666
1575 6211 1615 6248 ra·
1707 6225 1743 6238 -
1760 6197 1875 6252 consistit
1893 6201 1919 6250 in
1944 6199 2077 6254 voluntate
2105 6205 2207 6266 nestra,
2235 6213 2288 6252 non
2339 6191 2340 6196 ’

301 6307 335 6320 ··-
361 6283 399 6334 est
418 6285 538 6346 respectu
566 6281 629 6334 boni
654 6287 680 6332 et
707 6283 884 6335 convenientis
912 6281 939 6332 lll
979 6285 1048 6338 tione
1066 6283 1173 6350 gloriosi
1190 6285 1216 6334 et
1234 6281 1330 6334 aeterni
1350 6283 1406 6334 sive
1425 6285 1570 6338 excellentis
1591 6293 1616 6340 et
1654 6287 1800 6340 seeundum
1818 6287 1889 6356 quod
1917 6289 2033 6340 innititur
2051 6287 2115 6356 6464,
2144 6287 2189 6340 666
2218 6271 2287 6356 066,

305 6367 357 6422 584
376 6367 437 6422 at
978 6373 1146 6426 indeficientis
1172 6371 1199 6424 444
1228 6371 1279 6426 577
1305 6371 1376 6422 6-
1394 6371 1454 6438 8664
1484 6371 1615 6428 obiectum
1654 6377 1697 6444 664
1718 6381 1756 6428 est
1775 6377 1882 6428 firmitas
1903 6381 1989 6428 nostra
2007 6377 2037 6428 444
2055 6377 2109 6430 567
2127 6373 2157 6428 9*
2174 6405 2211 6414 -
2228 6377 2289 6430 lacit
2385 6449 2386 6452 Ἰ

355 6485 390 6496 -
408 6461 437 6510 64
454 6461 557 6512 affectio
575 6463 615 6512 est
637 6459 753 6522 suspicio
778 6459 857 6512 464664
877 6459 939 6512 6664
977 6465 1115 6528 proprium
1133 6467 1172 6514 664
1190 6461 1290 6514 66666
1307 6467 1441 6514 66466666
1470 6469 1495 6516 64
1523 6465 1616 6530 glorio·
1653 6479 1699 6518 tros
1724 6479 1842 6518 summae
1860 6467 1974 6518 tirmitati
1991 6467 2123 6518 innitendo
2143 6467 2169 6518 in
2188 6467 2244 6530 ipsa
2264 6473 2289 6518 et

300 6547 329 6598 444
349 6545 399 6598 583
419 6547 446 6598 6.
465 6549 482 6598 9
500 6573 536 6586 --
554 6547 641 6602 tendit
662 6547 829 6602 solummodo
848 6551 874 6600 in
893 6547 939 6600 bo·
977 6563 1036 6604 sum
1062 6551 1089 6604 444
1118 6551 1170 6602 589
1196 6549 1224 6604 6.
1244 6551 1253 6600 4
1277 6577 1313 6590 -
1330 6555 1461 6614 exspectat
1480 6551 1616 6606 beatitudi·
1647 6551 1686 6608 'de
1704 6557 1761 6622 ipsa
1781 6555 1912 6608 confidere
1929 6551 2099 6614 6646-,966
2111 6565 2187 6620 6666
2201 6555 2287 6608 66466

302 6649 380 6704 num,
399 6637 460 6702 quia
479 6635 543 6688 illud
571 6635 643 6702 quod
662 6641 701 6690 est
724 6639 852 6690 motivum
872 6637 938 6702 eius,
977 6653 1052 6706 nem,
1070 6641 1096 6692 in
1121 6647 1248 6708 quantum
1275 6643 1344 6692 tenet
1370 6641 1497 6692 rationem
1526 6645 1614 6708 magni
1655 6645 1797 6698 immensae
1830 6643 1939 6710 largitati
1969 6645 2093 6696 innititur„
2120 6647 2231 6710 propter
2260 6657 2289 6696 se

302 6725 381 6778 babet
398 6737 504 6790 semper
526 6725 627 6776 bonum
652 6725 701 6778 sibi
730 6725 890 6780 substratum
910 6725 939 6778 444
975 6733 1002 6780 et
1014 6729 1089 6782 ardui
1115 6731 1171 6782 sive
1189 6729 1335 6782 excellentis
1355 6735 1378 6782 et
1397 6729 1567 6784 4666066666
1586 6733 1614 6784 414
1653 6739 1678 6786 64
1697 6745 1779 6798 super
1805 6735 1893 6786 omnia
1918 6731 1945 6784 444
1971 6731 2022 6784 556
2045 6731 2062 6786 6
2082 6761 2118 6770 -
2135 6731 2182 6782 rer
2211 6743 2287 6796 spem

302 6813 352 6866 578
374 6809 402 6866 4*
418 6841 455 6852 -
480 6813 682 6878 Circumscripta
707 6815 808 6866 ratione
831 6813 894 6866 boni
914 6819 940 6866 et
978 6815 1031 6870 578
1050 6815 1079 6872 6*
1098 6845 1133 6856 -
1150 6819 1177 6868 46
1196 6825 1301 6884 666664
1327 6821 1485 6882 exspectatio
1508 6835 1615 6874 summe
1653 6821 1740 6874 anima
1757 6821 1873 6874 innititur
1891 6821 1916 6872 ei
1934 6821 1978 6886 qui
1996 6835 2048 6872 non
2063 6823 2150 6886 potest
2168 6817 2288 6884 deiicere,

299 6901 375 6968 6644,
393 6901 486 6956 adbuc
499 6905 624 6968 contingit
641 6915 747 6968 sperare
766 6903 795 6956 444
815 6903 866 6956 576
884 6905 937 6956 49
977 6905 1038 6958 6664
1058 6909 1082 6958 64
1111 6919 1212 6960 66666
1232 6907 1307 6960 ardui
1331 6909 1489 6974 assequendi
1508 6911 1537 6962 444
1562 6911 1615 6962 685
1654 6923 1830 6978 superquam
1850 6911 1974 6962 tondatur
1992 6911 2066 6976 quasi
2086 6907 2289 6974 6666606666
