5792 8392
914 761 979 814 [ΗΜ
1346 691 1487 760 rabum
1510 693 1714 762 GENERALlS
1736 693 1864 762 RERUM
2233 787 2300 840 [ΠΧ
2545 699 2606 766 tsi

617 843 642 896 ¹¹¹
665 847 715 900 29¹5
737 849 753 900 ¹·
771 847 797 900 3·
817 845 869 900 ²97
887 861 903 900 θ
923 863 963 916 sq.
982 851 1033 904 3⁰5
1053 853 1077 906 6.
1098 859 1149 912 368
1170 861 1197 914 1*
1215 894 1262 936 -ι
1289 881 1377 922 iorum
1398 875 1546 926 necessario
1572 879 1600 928 et
1622 875 1797 940 sufficienter,
1823 879 1863 928 est
1887 877 1929 928 ial·
1968 877 2082 928 maxime
2108 875 2266 930 assimilatur
2292 877 2345 930 luci
2372 879 2492 930 aeternae
2518 879 2607 930 16319

612 947 661 998 Del
680 933 751 1002 sl¹¹⁰d
778 933 882 988 videtur
908 935 979 990 Ditis
1002 941 1066 996 facie
1090 945 1250 1016 adfaciem,
1289 969 1348 1008 suni
1366 963 1391 1010 et
1411 969 1542 1026 repugnat
1558 961 1619 1014 ildei
1642 969 1669 1014 et
1685 965 1775 1016 sensui
1793 967 1818 1016 et
1838 965 1929 1018 rationi
1968 963 1983 1014 1.
2003 963 2019 1014 3
2039 993 2073 1002 -
2094 965 2142 1018 Per
2160 965 2244 1018 lucem
2265 965 2426 1032 corporalem
2457 965 2607 1018 manuduci-

612 1025 1251 1120 *011931131111665θ11*011θ39911510613366
1289 1043 1381 1098 61363
1408 1061 1423 1098 6
1446 1063 1488 1116 sq.
1504 1077 1543 1090 -
1559 1051 1650 1104 Virtus
1677 1065 1818 1118 corporum
1848 1055 1930 1106 caele·
1968 1065 2028 1104 mur
2045 1053 2079 1106 ad
2108 1053 2303 1120 intelligendam
2333 1055 2418 1108 locem
2445 1053 2606 1122 spiritualem

612 1115 662 1162 ¹¹¹³
681 1107 699 1158 ¹¹
720 1107 770 1158 '¹23
792 1107 820 1160 ²*
838 1137 874 1150 ··
897 1113 925 1164 ¹¹¹
953 1115 1036 1180 316666
1064 1123 1113 1176 6666
1139 1131 1251 1188 gratuita
1289 1131 1367 1184 stium
1385 1135 1476 1200 aliquo
1494 1137 1574 1192 modo
1593 1139 1677 1192 inlluit
1694 1141 1721 1192 in
1740 1143 1891 1194 mixtionem
1905 1149 1929 1194 et
1968 1141 2056 1194 61363
2077 1139 2106 1194 3*

612 1209 741 1248 immissio
770 1197 905 1250 radiorum
938 1203 963 1254 in
994 1205 1173 1278 abundantia,
1203 1229 1251 1280 pei
1289 1221 1439 1284 qualitatem
1459 1227 1672 1290 complexionum
1691 1239 1835 1292 corporum
1854 1235 1878 1282 66
1892 1233 1929 1284 sic
2018 1257 2054 1268 —
2072 1231 2099 1282 in
2117 1231 2298 1296 corporalibus
2311 1245 2362 1284 non
2376 1237 2532 1296 potestesse
2544 1245 2606 1284 cum

614 1299 693 1350 quem
716 1285 804 1336 anima
828 1287 897 1338 clare
925 1297 1059 1356 cognoscit
1080 1297 1164 1350 Deum
1183 1299 1250 1354 aba
1290 1307 1470 1372 contingenter
1488 1313 1512 1362 in
1534 1325 1621 1366 mores
1640 1313 1675 1368 ab.
1692 1313 1712 1366 6
1731 1329 1818 1382 sq.-·
1838 1319 1927 1384 Stella,
1967 1319 2115 1372 exclusione
2144 1321 2295 1374 omnimoda
2321 1323 2445 1374 materiae
2469 1321 2556 1374 66368
2579 1319 2607 1374 6*

617 1371 681 1426 Victi
702 1371 732 1422 V.
759 1369 931 1440 deiformitas
953 1385 981 1432 66
1004 1379 1030 1432 V.
1058 1381 1154 1436 Gloria
1172 1391 1197 1438 et
1219 1389 1250 1442 V.
1289 1405 1359 1456 quoe
1376 1395 1453 1446 babet
1473 1399 1675 1462 impressionem
1702 1419 1785 1468 super
1808 1403 1929 1458 diversos
1966 1407 2121 1460 -Nullum
2141 1415 2295 1474 eorpuscst
2320 1424 2385 1474 pura
2407 1411 2450 1462 lux
2470 1411 2487 1464 ll
2507 1411 2559 1464 367
2579 1411 2605 1464 6.

613 1455 846 1526 cua-spiritualis.
874 1491 910 1502 -
929 1467 1028 1530 gloriae
1056 1483 1083 1520 so
1112 1471 1191 1524 66666
1218 1473 1251 1526 ad
1291 1479 1424 1546 numeres,
1442 1485 1550 1548 quando
1567 1485 1731 1558 dominatur,
1751 1491 1866 1556 disponit
1884 1497 1929 1548 bo·
1967 1493 2017 1544 368
2038 1491 2065 1546 6*
2085 1523 2119 1532 -
2138 1497 2166 1548 16
2192 1497 2247 1548 sole
2276 1503 2314 1550 est
2339 1513 2405 1564 pura
2429 1499 2473 1552 lux
2500 1513 2548 1564 per
2565 1513 2606 1552 ex·

614 1549 788 1614 cognitionem
809 1543 889 1603 Verbi
912 1559 938 1606 et
955 1569 1046 1608 rerum
1070 1557 1096 1606 in
1118 1557 1204 1610 Verbo
1223 1561 1251 1612 116
1291 1563 1387 1614 minem
1407 1567 1440 1618 ad
1460 1569 1579 1624 diversos
1601 1587 1686 1628 mores
1703 1587 1730 1630 et
1748 1581 1926 1634 666666666616
1966 1581 2109 1634 elusionem
2127 1587 2263 1650 opacitatis
2283 1591 2308 1638 et
2325 1587 2448 1638 tenebrae
2468 1589 2485 1638 li
2505 1587 2555 1638 368
2577 1587 2605 1638 6*

612 1633 774 1722 Ι3031131*
899 1729 904 1738 Ι
1070 1655 1071 1658 ’
1292 1647 1341 1698 695
1364 1649 1390 1702 6*
1409 1679 1443 1692 -
1462 1657 1610 1718 significant
1634 1665 1765 1728 quaedam
1794 1667 1880 1718 lutura
1910 1670 1928 1721 ll
1966 1697 1998 1706 -
2018 1671 2044 1722 iu
2063 1683 2190 1736 empyreo
2204 1677 2243 1724 est
2255 1675 2311 1726 sine
2331 1675 2502 1738 permixtione
2515 1673 2607 1728 obseu-

666 1723 807 1776 Luxiriiiui
825 1751 861 1764 --
879 1725 969 1780 dieunt
989 1729 1137 1782 nuosolum
1157 1731 1251 1798 lucem,
1292 1733 1342 1788 365
1372 1735 1410 1788 6*.
1439 1739 1490 1792 363
1519 1755 1535 1794 a
1562 1743 1625 1800 Vide
1649 1749 1677 1800 V.
1706 1749 1814 1806 Cometa
1843 1761 1869 1806 er
1898 1757 1922 1808 V

706 1813 711 1824 ¹
821 1813 826 1824 ι
926 1815 931 1828 .
1922 1797 1927 1810 .
1967 1759 2047 1810 citatis
2075 1759 2105 1810 111
2132 1759 2183 1812 661
2203 1761 2229 1812 d.
2254 1761 2259 1812 l
2285 1789 2320 1800 -
2339 1763 2363 1812 iit
2392 1775 2439 1812 suo
2469 1765 2604 1826 potissimo

612 1811 660 1866 sed
680 1815 758 1864 etiam
776 1813 843 1864 lucis
870 1815 1020 1866 vehiculum
1040 1815 1082 1868 vel
1101 1825 1253 1884 666666666-
1290 1821 1437 1876 Futurum.
1965 1857 2023 1896 esse
2043 1859 2095 1896 „011
2124 1857 2165 1900 est
2192 1851 2241 1900 „131
2270 1851 2295 1900 6,
2323 1863 2434 1914 corpore
2464 1851 2604 1902 &019qu

613 1901 668 1952 lum
688 1899 705 1954 ll
725 1901 806 1952 3686
823 1905 904 1954 -in
925 1903 1046 1968 pluribus
1064 1905 1175 1960 orbibus
1193 1917 1253 1962 sunt
1343 1911 1413 1962 Lunx
1431 1937 1468 1950 --
1487 1922 1586 1969 cunstat
1604 1933 1634 1968 ex
1655 1929 1744 1974 natura
1763 1927 1847 1990 quinti
1874 1943 1929 1980 eoi·
1966 1931 2017 1980 333
2038 1929 2066 1982 5*

614 1991 707 2054 666666,
728 1989 775 2040 scd
795 1989 820 2040 in
839 1989 1005 2044 firmamento
1027 1997 1056 2046 ut
1077 1993 1103 2046 66
1126 2009 1180 2048 666
1198 2011 1254 2050 666·
1290 1995 1399 2062 6666611
1421 1995 1472 2048 367
1491 2013 1513 2050 6.
1533 2001 1585 2052 368
1604 2003 1622 2056 6
1640 2011 1782 2070 -666666
1811 2011 1928 2068 differta
2017 2045 2054 2058 --
2072 2023 2185 2072 maxime
2205 2025 2342 2088 participat
2360 2025 2487 2078 rationem
2504 2023 2601 2076 6666666

614 2089 680 2142 pore
698 2077 821 2130 continuo
848 2079 972 2132 663536
992 2107 1026 2118 -
1046 2081 1254 2146 productasunt
1290 2085 1382 2138 666661
1412 2085 1463 2136 357
1494 2087 1509 2136 6.
1531 2089 1554 2154 t,
1573 2091 1589 2140 3
1609 2117 1643 2130 --
1663 2107 1713 2144 non
1743 2095 1928 2164 mactasse,
1966 2103 1984 2154 ll
2002 2105 2055 2156 366
2074 2107 2092 2156 6.
2112 2109 2127 2158 3
2147 2135 2183 2146 -
2208 2109 2312 2162 ridetur
2341 2125 2398 2162 esso
2427 2127 2492 2176 pure
2520 2113 2605 2164 iorma

612 2163 647 2216 ad
667 2163 786 2218 diversas
806 2167 952 2220 influentias
971 2169 1103 2222 iaciendas
1121 2175 1145 2224 66
1164 2171 1252 2226 ador·
1290 2173 1337 2226 sed
1356 2187 1386 2226 ex
1406 2173 1511 2226 luminis
1540 2174 1632 2230 solaris
1655 2181 1821 2244 susceptione
1839 2187 1859 2236 ll
1877 2187 1929 2238 368
1966 2185 2000 2240 ib.
2019 2191 2037 2240 i.
2057 2193 2082 2254 3,
2102 2193 2117 2244 3
2136 2211 2242 2250 —non
2262 2197 2324 2248 dicit
2344 2199 2470 2264 sormam,
2489 2201 2606 2264 quaesit

614 2253 727 2304 nandum
753 2257 891 2310 caelestem
920 2261 1040 2310 naturam
1065 2259 1083 2310 61
1110 2259 1160 2312 353
1181 2259 1197 2312 6
1215 2287 1252 2300 --
1289 2269 1554 2328 aeq-quantum
1574 2269 1614 2316 est
1631 2263 1666 2316 de
1684 2279 1725 2330 se,
1745 2279 1929 2330 opacumcor-
1966 2287 2076 2342 corpus,
2099 2279 2146 2330 sed
2165 2283 2263 2348 aliquid
2283 2287 2400 2350 corporis
2418 2283 2452 2338 i'b.
2473 2285 2489 2338 6
2508 2301 2548 2352 sq.
2567 2315 2604 2324 -

613 2343 759 2396 secundum
779 2347 910 2412 quosdam
932 2353 992 2400 sunt
1014 2361 1046 2400 ex
1068 2355 1182 2412 quatuor
1202 2349 1253 2400 ele·
1289 2361 1340 2412 pus
1368 2353 1407 2400 cst
1434 2349 1523 2400 16357
1553 2349 1569 2400 i.
1592 2349 1665 2400 3-
1682 2353 1779 2418 aliquid
1800 2355 1879 2408 66666
1895 2359 1929 2412 de
1966 2361 1992 2410 66
2009 2361 2183 2418 abstractione
2211 2373 2327 2422 nominat
2352 2373 2536 2436 proprietatem
2560 2375 2603 2424 vel

614 2433 707 2486 mentis
725 2439 753 2486 ct
778 2433 933 2488 ordinantur
959 2435 1106 2488 secondum
1127 2437 1253 2504 quantita·
1290 2439 1380 2490 natura
1409 2437 1529 2502 eorporis
1558 2439 1632 2502 opaci
1657 2445 1683 2490 ct
1709 2439 1808 2504 aliquid
1825 2441 1861 2494 dc
1886 2459 1930 2496 na·
1966 2445 2076 2498 turmam
2097 2455 2217 2514 corporis
2236 2457 2371 2520 luminosi,
2391 2461 2417 2508 in
2436 2461 2602 2512 concretione

613 2525 665 2572 tem
686 2525 793 2574 naturae
820 2525 913 2588 igneae
937 2523 954 2574 ll
974 2523 1026 2576 367
1046 2539 1060 2576 6
1078 2553 1115 2562 -
1133 2527 1253 2578 66666666
1289 2531 1347 2578 6666
1359 2525 1554 2588 transparentis
1567 2525 1584 2576 ll
1599 2523 1650 2576 368
1671 2525 1734 2578 b-
1751 2541 1803 2580 non
1815 2529 1930 2584 retundit
1967 2533 2051 2594 ipsam
2069 2535 2241 2590 substantiam
2259 2541 2418 2594 luminosam
2437 2547 2520 2596 66368
2540 2559 2603 2598 6-

613 2621 645 2660 66
663 2613 851 2676 aggregatione
877 2613 942 2664 lucls
970 2625 1078 2664 suorum
1107 2613 1213 2666 orbium
1233 2613 1252 2664 ll
1290 2613 1377 2664 lumen
1402 2613 1470 2664 66666
1497 2613 1633 2676 speculum
1663 2611 1727 2666 a'lit'd.
1752 2641 1789 2652 -
1816 2617 1929 2670 multum
1966 2623 2005 2670 est
2032 2633 2129 2684 eorpus
2161 2625 2304 2686 perlectum
2335 2631 2361 2680 in
2389 2633 2430 2682 sui
2462 2637 2552 2684 natura
2585 2633 2604 2684 li

614 2697 664 2748 358
686 2709 741 2760 arg.
761 2699 786 2750 3.
806 2699 858 2750 367
878 2699 894 2752 6
913 2715 954 2766 sq.
972 2727 1008 2740 -
1026 2701 1164 2754 constituta
1193 2709 1254 2754 sunt
1289 2701 1395 2754 luminis
1413 2701 1521 2766 suscipit
1540 2709 1566 2754 et
1583 2701 1704 2764 retundit,
1726 2703 1929 2770 maximequan·
1967 2703 2055 2756 3166

612 2797 643 2836 ex
671 2785 789 2850 partibus
818 2789 968 2850 aggregatis
998 2799 1106 2840 suorum
1138 2787 1252 2852 orbium,
1290 2788 1458 2842 doinaltero
1478 2787 1671 2852 hemisphaerio
1692 2789 1804 2842 existens
1821 2793 1931 2854 opponi·
2020 2819 2054 2830 ·—
2072 2799 2112 2844 est
2129 2795 2213 2846 torma
2239 2803 2385 2850 communis
2409 2803 2532 2856 omnibus
2550 2817 2604 2856 coi·

614 2871 711 2940 quibus
730 2873 801 2924 Deos
824 2881 851 2928 ut
872 2875 1041 2940 receptaculis
1061 2873 1178 2928 adiunxit
1196 2877 1254 2940 par·
1290 2881 1332 2928 tur
1361 2877 1422 2942 soli;
1451 2877 1521 2930 unde
1540 2877 1634 2928 dicitur
1652 2877 1780 2928 luminare
1801 2889 1929 2940 magnum
1967 2879 2464 2942 666666666613166-666666666
2488 2903 2604 2942 commu-

614 2967 665 3012 tem
686 2961 750 3012 lucls
769 2961 855 3024 primo
875 2967 975 3012 creatae
995 2963 1014 3014 li
1031 2961 1119 3012 3686
1289 2973 1316 3018 66
1333 2965 1420 3030 magis
1442 2965 1569 3018 illuminat
1586 2965 1621 3016 de
1641 2971 1716 3016 nocte
1737 2979 1815 3030 quam
1834 2965 1869 3016 de
1886 2967 1931 3018 die
1967 2967 2007 3018 iiis
2034 2973 2136 3030 reperta
2166 2971 2190 3018 66
2219 2971 2342 3024 omnibus
2366 2973 2522 3038 corporibus
2551 2983 2604 3028 tam

665 3073 703 3088 -
720 3047 842 3102 dilieruut
854 3049 1001 3102 seeundum
1014 3051 1116 3114 species
1130 3051 1146 3102 ll
1161 3051 1211 3102 663
1224 3051 1252 3104 b.
1276 3051 1352 3108 ‘itia
1373 3065 1479 3106 -non
1499 3051 1581 3104 ealeiit
1601 3065 1617 3104 a
1634 3051 1702 3116 sole,
1722 3051 1769 3102 sed
1783 3057 1883 3104 tantum
1904 3055 1931 3104 il·
1967 3053 2123 3108 caelestibus
2140 3069 2220 3122 quam
2241 3059 2406 3112 terrestribus
2419 3063 2437 3112 ll
2451 3061 2502 3112 363
2517 3075 2573 3126 arg.
2589 3063 2605 3114 6

617 3137 667 3190 358
688 3151 702 3190 6
720 3151 762 3204 sq.
781 3165 817 3176 -
835 3137 996 3192 diversitatis
1019 3139 1157 3204 specificae
1180 3141 1253 3194 lumi·
1289 3143 1434 3194 luminatur
1450 3143 1469 3192 li
1491 3141 1537 3192 366
1562 3139 1590 3194 5*
1967 3167 2002 3180 -
2020 3143 2046 3192 in
2065 3141 2187 3194 omnibns
2201 3145 2358 3208 corporibus
2370 3147 2540 3210 participatur
2552 3161 2605 3198 ma-

613 3227 715 3278 6666666
735 3227 801 3280 66666
821 3241 850 3280 ex
869 3231 944 3292 parte
961 3229 1085 3280 materiae
1103 3233 1142 3282 est
1160 3229 1253 3282 raritas
1340 3259 1378 3272 -
1394 3235 1422 3282 66
1439 3231 1497 3282 6666
1514 3229 1586 3282 66666
1604 3231 1673 3282 inter
1685 3241 1797 3294 corpora
1811 3229 1931 3282 caelestia
1967 3231 2008 3294 gis
2026 3231 2068 3282 vel
2088 3231 2176 3282 minus
2200 3233 2218 3282 ll
2244 3231 2337 3284 3366
2366 3249 2406 3300 sq.
2432 3261 2469 3274 -··
2486 3243 2525 3288 est
2552 3249 2603 3288 uim

612 3321 639 3366 et
656 3315 771 3368 densitas
798 3317 917 3380 diversa,
938 3329 967 3368 ex
998 3321 1071 3380 parte
1096 3317 1197 3370 formae
1216 3317 1253 3368 di·
1289 3321 1425 3384 magisest
1444 3317 1519 3372 nobis
1538 3317 1723 3384 propinquat!
1745 3317 1796 3370 367
1815 3317 1932 3372 h-est
1967 3319 2050 3370 torma
2069 3321 2217 3370 eommunis
2246 3329 2347 3384 reperta
2366 3323 2391 3374 iii
2421 3323 2544 3376 omnibus
2568 3325 2605 3376 lu·

612 3417 690 3456 versa
708 3405 774 3458 lueis
791 3407 955 3472 participatio
983 3405 1004 3458 li
1031 3405 1084 3460 358
1112 3405 1131 3458 6
1158 3421 1253 3474 sq.-··
1288 3409 1316 3460 in
1335 3407 1501 3460 firmamento
1519 3409 1592 3474 large
1611 3407 1681 3460 dicto
1700 3405 1717 3456 ΙΙ
1738 3405 1788 3458 368
1809 3405 1826 3456 b
1844 3419 1931 3472 sq—
1967 3403 2125 3470 mineribus,
2153 3411 2179 3456 et
2205 3407 2352 3460 seeundum
2384 3411 2440 3462 eius
2468 3411 2604 3474 participa-

611 3493 754 3546 Diiersitas
781 3495 949 3546 luminarium
977 3495 1106 3558 colligitur
1134 3509 1164 3548 ex
1197 3495 1253 3546 suis
1287 3495 1458 3548 -creditur
1477 3495 1581 3548 condita
1607 3495 1687 3548 tuisse
1711 3495 1738 3546 iii
1757 3493 1892 3548 occidente
1910 3495 1931 3546 ll
1967 3495 2063 3546 tionem
2083 3495 2209 3546 maiorem
2239 3499 2265 3546 66
2292 3497 2420 3548 minorem
2439 3503 2499 3548 sunt
2517 3501 2604 3562 magis

611 3581 754 3636 virtutibus
772 3589 797 3634 66
816 3581 1012 3646 operationibus
1030 3581 1253 3648 consequentibus
1289 3585 1380 3636 3666
1966 3585 1992 3632 66
2010 3583 2097 3632 minus
2121 3581 2215 3634 nobilia
2245 3581 2261 3634 ll
2288 3583 2338 3634 353
2364 3597 2378 3636 6
2407 3613 2438 3622 -
2459 3585 2604 3648 corporalis

611 3669 674 3724 tili.
695 3669 746 3722 359
766 3669 801 3732 3*,
823 3671 839 3722 6.
858 3671 883 3736 3,
904 3669 918 3720 6
938 3697 974 3708 -
993 3671 1152 3724 conveniunt
1170 3673 1253 3722 iuna·
1341 3699 1379 3712 ·-
1397 3677 1426 3724 66
1444 3673 1541 3736 praesit
1561 3671 1721 3736 nocti‚iaeta
1742 3675 1930 3734 estcumpau·
1966 3677 2052 3732 potest
2075 3671 2100 3720 iu
2128 3669 2239 3720 divorsis
2263 3669 2420 3734 corporibus
2446 3675 2604 3736 reperirint

611 3765 669 3810 tura
689 3759 763 3824 lucis,
782 3759 829 3810 sed
848 3771 900 3810 666
920 3763 949 3810 ut
975 3759 1002 3808 in
1021 3759 1104 3810 iorma
1125 3759 1213 3810 ultima
1232 3759 1251 3810 ll
1288 3763 1365 3814 citate
1393 3761 1471 3826 lucis,
1492 3759 1638 3812 seeundum
1663 3759 1833 3810 substantiam
1863 3771 1929 3810 vero
1964 3759 2097 3826 peucetio,
2117 3769 2177 3810 cum
2196 3771 2247 3810 666
2267 3759 2396 3810 sitlorma
2416 3761 2521 3812 omnino
2542 3761 2601 3810 sim-

611 3847 663 3898 353
683 3861 707 3898 6.
725 3847 773 3898 366
797 3843 881 3898 6*-
899 3845 993 3898 dicitur
1017 3847 1101 3896 maius
1120 3849 1252 3900 etminus
1288 3849 1354 3900 taeta
1376 3853 1413 3900 est
1433 3855 1539 3912 propter
1559 3849 1746 3912 perlectionem
1764 3849 1880 3898 66666666
1894 3847 1928 3900 tv
1965 3849 2033 3912 plex,
2061 3847 2109 3900 sed
2132 3847 2165 3898 sit
2192 3851 2250 3898 nata
2281 3847 2404 3910 coniungi
2433 3849 2556 3898 materiae
2582 3848 2602 3899 ll

611 3939 720 4000 propter
740 3933 1071 3988 accessumadsummum
1088 3935 1129 3984 sui
1148 3935 1253 4000 generis
1288 3937 1341 3988 337
1369 3935 1395 3990 d.
1419 3937 1489 3988 5-
1508 3941 1569 4000 post
1595 3933 1792 3986 renovationem
1821 3933 1930 3986 babebit
1967 3935 2016 3990 663
2036 3935 2055 3988 6
2072 3963 2109 3972 -
2136 3933 2281 3986 secundum
2311 3933 2351 3984 sui
2378 3935 2603 3998 participationem

611 4023 759 4076 11633661.
779 4023 794 4074 3
815 4051 849 4064 -
869 4023 956 4076 lucent
982 4023 1068 4086 magis
1094 4025 1138 4076 vel
1164 4023 1253 4074 minus
1289 4025 1491 4078 luminositatem
1511 4027 1702 4086 competentem
1727 4023 1779 4074 diei
1805 4017 1867 4074 itia.
1892 4051 1929 4062 ·-
1966 4025 2093 4076 maiorem
2114 4029 2138 4074 et
2157 4023 2286 4074 minorem
2307 4021 2366 4072 iacit
2384 4019 2484 4084 gradus
2507 4027 2534 4072 ct
2558 4019 2603 4070 dil·

611 4113 759 4164 secundum
778 4113 949 4178 quantitatem
962 4111 1126 4176 1666666666
1139 4117 1250 4178 creatae,
1290 4113 1359 4166 nocti
1380 4119 1483 4178 praeest
1502 4119 1527 4164 66
1545 4113 1671 4164 rniouitor
1698 4109 1783 4162 66666
1809 4123 1930 4164 consum·
1965 4113 2086 4164 ieremias
2114 4109 2250 4174 specificas
2276 4109 2302 4158 in
2326 4107 2484 4172 corporibus
2510 4107 2603 4158 mundi

611 4215 693 4270 quam
713 4201 846 4254 66666666
865 4201 951 4254 3686
1289 4203 1404 4258 motione
1422 4201 1441 4254 ll
1469 4199 1784 4264 3·iiilb-·cclipsetiir,
1804 4211 1836 4250 6ο
1856 4197 1929 4266 quod
1965 4201 1986 4254 ll
2003 4199 2032 4250 76
2059 4199 2075 4250 l.
2100 4199 2124 4250 3.
2150 4197 2199 4250 369
2230 4197 2247 4248 6.
2266 4197 2291 4248 5.
2320 4197 2372 4248 339
2399 4193 2540 4260 6666336
2564 4191 2603 4246 5*.

666 4291 901 4342 -Luminarium
921 4287 1254 4356 dupieiestmotus,qui-
1288 4295 1358 4344 terra
1377 4291 1549 4354 interponitur
1568 4289 1575 4338 l
1595 4287 1646 4340 363
1665 4285 1727 4338 di
1965 4289 2016 4340 359
2036 4301 2052 4338 6
2071 4313 2106 4326 -
2126 4286 2274 4338 Secundum
2305 4283 2528 4350 participationem
2548 4295 2603 4332 ma-

612 4377 664 4432 666
683 4379 879 4444 distinguuntur
898 4378 954 4431 dies
971 4383 998 4430 et
1016 4379 1076 4428 anni
1094 4381 1119 4430 et
1132 4383 1252 4444 tempora
1342 4377 1466 4446 -apud
1486 4377 1596 4430 ludaeos
1623 4377 1737 4428 maxime
1764 4381 1821 4428 erat
1847 4375 1874 4426 iu
1898 4375 1929 4428 si·
1965 4375 2048 4430 iorem
2067 4381 2091 4428 66
2111 4377 2239 4440 minorem
2252 4373 2317 4424 lucis
2335 4371 2436 4424 iormae
2453 4371 2603 4434 corporales

612 4467 735 4520 663696.
757 4467 807 4518 379
828 4465 1253 4532 b-piobabiliusuoumoveo·
1289 4469 1441 4534 gnationem
1468 4467 1572 4518 dierum
1595 4465 1720 4518 iustorum
1749 4465 1766 4516 ll
1786 4461 1875 4514 3636
1901 4491 1930 4504 -
1965 4469 2025 4518 sunt
2044 4465 2130 4528 magis
2147 4469 2173 4516 et
2192 4463 2278 4512 mimis
2303 4459 2447 4524 completae
2465 4459 2484 4508 lt
2503 4457 2553 4508 353
2573 4455 2602 4508 6*

613 4563 656 4610 666
674 4557 789 4622 propriis
814 4557 936 4622 66666666,
965 4555 1014 4608 sed
1039 4555 1195 4608 admotum
1214 4567 1254 4606 or·
1290 4557 1443 4610 Secundum
1461 4555 1550 4608 lunam
1571 4553 1682 4606 Ecclesia
1696 4551 1820 4604 observat
1831 4551 1930 4602 iestiri-
1964 4559 2058 4606 -est
2076 4551 2159 4604 torma
2180 4549 2317 4614 perficiens
2345 4549 2407 4598 alias
2426 4547 2523 4598 turmas
2543 4557 2601 4596 eor-

602 4647 696 4714 bium‚
716 4647 741 4698 in
762 4645 858 4714 quibus
878 4651 937 4698 sunt
956 4641 1039 4698 11336
1058 4657 1254 4698 a-nonmo·
1290 4653 1369 4700 tatem
1390 4645 1521 4698 Pasebatis
1538 4647 1565 4696 et
1583 4641 1747 4694 pentecostes
1765 4637 1827 4694 iiia.
1965 4639 2070 4704 porales
2099 4639 2290 4702 potiusquam
2322 4633 2355 4686 ad
2387 4647 2431 4684 ees
2458 4631 2601 4696 disponens

612 4743 710 4788 666666
728 4741 837 4800 6666666
858 4737 900 4788 666
927 4733 1097 4798 indigentiam
1116 4731 1151 4788 t'li.
1170 4729 1201 4784 6*
1220 4759 1254 4770 -
1302 4725 1303 4728 ’
1343 4763 1378 4774 -
1397 4749 1428 4788 ex
1448 4733 1542 4786 virtute
1562 4729 1611 4782 sibi
1630 4729 1710 4782 indita
1723 4741 1785 4782 euin
1799 4729 1929 4782 adiutorio
1964 4725 2026 4782 ibid,
2048 4755 2081 4764 —-
2100 4721 2396 4788 incorporibusspecie
2420 4719 2530 4772 dirersis
2550 4719 2602 4770 exi-

617 4823 680 4880 Vi'dc
699 4825 726 4878 V.
740 4821 987 4892 eaelum-comam
1005 4817 1185 4878 acclesilu.-
1202 4833 1253 4874 non
1289 4825 1396 4878 luminis
1420 4827 1555 4888 aspectum
1584 4817 1662 4872 babet
1689 4831 1770 4880 super
1788 4819 1928 4868 humorem
1964 4821 2034 4868 siens
2054 4827 2104 4866 nou
2125 4817 2163 4866 est
2182 4807 2602 4870 666666616666666666661666,66-

613 4919 673 4968 sunt
700 4913 850 4966 naturaliter
876 4911 1056 4978 corruptibilia
1075 4915 1099 4962 et
1123 4911 1215 4978 gravia
1233 4911 1253 4964 ll
1290 4915 1309 4968 ll
1329 4913 1380 4966 366
1399 4911 1417 4964 6
1436 4937 1471 4950 --
1490 4909 1602 4962 6666666
1620 4909 1647 4958 66
1675 4905 1815 4958 humidum
1839 4909 1929 4956 causat
1964 4917 2017 4972 que
2036 4899 2172 4966 dispositio
2191 4895 2357 4962 imperfecta,
2382 4907 2450 4962 quae
2476 4909 2491 4944 6
2518 4893 2601 4944 iorma

613 4999 703 5056 3666)
1289 5007 1392 5058 aegium
1410 5001 1491 5052 maris
1510 4995 1572 5052 iiiii.
1965 4993 2054 5044 ultima
2074 4987 2237 5054 6666666666,
2256 4983 2304 5036 scd
2333 4983 2484 5046 corporales
2503 4983 2600 5032 turmas

665 5119 702 5130 -
721 5089 867 5144 secundum
887 5089 1006 5142 ordinem
1026 5091 1202 5143 universitatis
1214 5091 1252 5142 io·-
1343 5091 1397 5144 Lux
1414 5117 1450 5130 -·
1466 5089 1492 5140 iii
1512 5101 1539 5140 se
1553 5085 1714 5140 considerata
1729 5083 1824 5134 dieitur
1836 5079 1888 5148 lux,
1901 5081 1926 5132 in
1964 5081 2102 5130 6666666666
2121 5079 2145 5126 66
2163 5073 2208 5126 dat
2228 5073 2266 5124 eis
2288 5069 2383 5136 agendi
2408 5067 2550 5118 efficaciam
2576 5071 2601 5118 et

611 5181 696 5234 666666
715 5181 739 5232 66
759 5181 886 5232 elementa
905 5183 929 5232 et
955 5193 1065 5244 corpora
1085 5179 1250 5232 elementaria
1287 5179 1462 5244 tiansparenti
1480 5177 1583 5240 lumen,
1602 5175 1630 5224 in
1649 5173 1809 5224 extremitate
1826 5169 1929 5232 perspi·
1964 5165 2077 5232 gradum
2100 5161 2241 5214 nobilitatis
2264 5157 2281 5208 ll
2311 5157 2356 5208 336
2384 5151 2413 5204 5*
2438 5181 2473 5192 -
2491 5165 2542 5250 non
2563 5157 2601 5204 est

610 5275 636 5322 et
663 5283 753 5322 rerum
781 5269 917 5334 qualitates
944 5265 1082 5320 intendunt
1105 5267 1123 5318 ll
1151 5269 1203 5320 360
1230 5267 1249 5320 6
1287 5271 1331 5322 666
1349 5265 1477 5320 terminati
1496 5267 1535 5318 est
1553 5261 1701 5328 hypostasis
1719 5259 1815 5310 eoloris
1827 5257 1836 5308 i
1849 5255 1926 5308 3966
1963 5255 2046 5306 torma
2061 5253 2150 5304 ultima
2163 5257 2306 5310 corporum
2321 5243 2470 5296 caelestium
2484 5237 2546 5292 ttici.

608 5385 646 5400 -·
670 5341 774 5412 diuersa
800 5357 978 5412 diversimode
1005 5357 1117 5410 inuuunt
1150 5359 1167 5412 ll
1198 5357 1248 5410 353
1286 5385 1323 5398 -
1340 5357 1384 5410 Est
1402 5355 1446 5408 lux
1474 5353 1558 5420 quinti
1586 5351 1705 5416 corporis
1727 5351 1755 5398 et
1781 5345 1824 5398 lux
1848 5343 1926 5408 ignea
2014 5367 2052 5382 -
2069 5345 2108 5392 est
2127 5337 2286 5388 nobilissima
2308 5333 2451 5384 termarum
2479 5341 2600 5392 corpora·

559 5465 561 5468 ·
608 5449 627 5500 1.
649 5451 670 5512 l,
690 5451 715 5514 3,
734 5449 759 5498 3.
780 5448 831 5498 360
851 5445 867 5500 6
890 5475 926 5484 -
953 5445 1052 5498 ratione
1082 5447 1247 5512 propriarum
1286 5453 1312 5502 et
1331 5447 1373 5498 lux
1392 5459 1422 5498 ex
1442 5441 1596 5510 aequalitate
1621 5433 1808 5502 complexionis
1826 5433 1851 5484 iu
1872 5445 1927 5484 cor·
1963 5433 2026 5484 lium
2045 5429 2064 5482 16
2083 5425 2172 5480 itii.
2192 5425 2216 5476 3.
2236 5421 2286 5472 363
2308 5421 2325 5472 6.
2344 5421 2369 5470 3.
2388 5419 2443 5516 333
2459 5415 2485 5468 6.
2507 5415 2552 5466 331
2576 5427 2599 5478 6,

608 5539 732 5590 virtutum
752 5535 849 5590 babent
866 5539 1006 5602 aspectum.
1022 5533 1055 5586 ad
1079 5535 1181 5588 diversa
1201 5535 1248 5586 ele·
1286 5549 1352 5602 6666
1371 5531 1490 5586 animalis
1510 5531 1632 5596 generata
1650 5526 1668 5577 ll
1689 5523 1739 5576 633
1762 5519 1836 5574 6*-
1853 5533 1926 5584 prae·
1963 5517 2001 5574 5*.
2015 5517 2061 5570 336
2081 5515 2106 5568 d.
2126 5515 2151 5566 3.
2164 5511 2214 5562 369
2230 5507 2259 5562 6*
2272 5535 2307 5546 —-
2321 5511 2359 5560 est
2373 5505 2490 5556 medium
2510 5506 2599 5554 166666

608 5626 732 5678 mentali
753 5625 804 5676 360
834 5625 861 5678 6.
884 5625 930 5676 366
965 5621 993 5676 6*
1020 5651 1055 5662 -
1083 5623 1195 5676 6666666
1222 5625 1248 5674 66
1286 5625 1362 5690 cipue
1382 5619 1554 5688 repertorio
1584 5613 1683 5682 igneli
1702 5611 1752 5664 379
1772 5613 1788 5662 6.
1809 5611 1825 5662 3
1843 5635 1880 5648 -·-
1898 5613 1926 5660 ut
1963 5611 2028 5662 inter
2053 5607 2151 5658 turmas
2174 5595 2323 5664 spirituales
2349 5601 2375 5646 66
2402 5589 2553 5690 corporales
2577 5589 2597 5688 li

608 5715 729 5766 interiora
748 5727 797 5778 pei
815 5715 939 5766 virtutem
959 5713 1038 5778 lueis,
1058 5713 1086 5764 in
1105 5727 1157 5778 qua
1176 5727 1248 5766 cum·
1289 5715 1443 5778 corpusest
1462 5709 1563 5774 speeies
1589 5701 1695 5770 ignisti
1715 5699 1766 5752 368
1785 5711 1799 5748 6
1819 5723 1854 5736 -
1873 5709 1924 5748 666
1963 5693 2103 5748 3636-
2123 5697 2160 5742 666
2189 5685 2301 5740 nobilior
2329 5683 2385 5736 aliis
2408 5681 2517 5778 6666666,
2538 5689 2599 5742 quia

608 5803 754 5870 manicam,
776 5807 800 5854 et
818 5817 866 5868 per
884 5803 993 5856 virtutes
1007 5803 1140 5868 proprias,
1155 5815 1248 5856 secun·
1286 5801 1371 5854 omnis
1391 5803 1428 5852 est
1448 5799 1547 5862 species
1567 5793 1635 5860 iguis
1653 5791 1672 5844 11
1692 5789 1743 5842 360
1763 5785 1791 5840 5*
1809 5799 1925 5850 -quae
1963 5785 2022 5850 plus
2039 5779 2139 5832 recedit
2158 5791 2174 5828 a
2194 5781 2283 5826 natura
2304 5771 2499 5878 contrarietatis,
2513 5775 2599 5816 corru-

607 5889 672 5942 dum
691 5903 758 5958 tinas
778 5903 828 5942 non
847 5889 996 5956 producunt
1016 5889 1065 5944 sibi
1085 5889 1247 5954 similia,sed
1286 5897 1326 5944 est
1344 5889 1369 5940 iii
1396 5885 1503 5940 materia
1529 5877 1731 5944 transmutabili,
1761 5881 1799 5928 est
1825 5875 1926 5938 speeies
1963 5871 2058 5938 ptieois
2076 5873 2100 5922 et
2119 5863 2276 5920 alterationis
2294 5853 2419 5958 libili
2448 5865 2548 5950 -1666
2562 5853 2600 5948 666

597 5979 741 6032 ¹induendo
760 5983 932 6044 conservant,
950 5983 1047 6042 regunt
1064 5985 1091 6030 et
1108 5979 1246 6032 intendunt
1286 5979 1353 6042 ignis
1371 5983 1398 6030 66
1424 5973 1503 6026 66666
1528 5969 1685 6024 caliditatem
1712 5977 1840 6018 annexam
1862 5957 1924 6014 ibid.
1963 5959 2076 6012 nobilior
2093 5953 2185 6006 termis
2204 5949 2373 6002 luminarium
2393 5943 2552 6002 caelestium,
2573 5949 2598 5986 in

608 6069 743 6136 qualitates
761 6071 788 6120 et
813 6071 920 6120 naturas
947 6079 1037 6120 rerum
1056 6069 1209 6122 interiorum
1228 6069 1245 6120 ll
1285 6095 1319 6106 -—
1339 6069 1377 6118 est
1397 6063 1506 6132 qualitas
1525 6057 1649 6114 naturalis
1667 6055 1735 6120 ignis
1756 6053 1772 6102 ll
1791 6049 1843 6102 367
1862 6051 1881 6100 6.
1900 6049 1923 6098 6.
1963 6045 2060 6114 quibus
2078 6045 2161 6094 virtus
2180 6039 2236 6090 eius
2256 6037 2281 6088 et
2300 6037 2391 6084 natura
2403 6027 2538 6126 'complete
2552 6021 2598 6136 666·

542 6213 543 6216 ,
608 6159 655 6210 366
679 6153 709 6210 3*
1286 6155 1382 6208 3686.
1403 6147 1503 6204 3693*
1522 6147 1657 6198 —estin
1682 6137 1924 6200 omnibusspecie-
1962 6141 2038 6186 ratur
2066 6131 2085 6182 li
2114 6127 2165 6180 353
2186 6123 2326 6174 6*-666
2348 6113 2460 6168 nobilior
2487 6107 2598 6176 tl¹²i¹¹¹¹ds

659 6275 694 6288 -
713 6249 774 6300 sunl
792 6247 875 6298 activa
896 6249 1015 6308 respectu
1036 6245 1245 6310 generandarum
1286 6243 1338 6296 bus
1355 6243 1424 6306 ignis
1452 6239 1537 6304 magis
1564 6235 1605 6286 vel
1635 6231 1722 6284 miuus
1748 6227 1782 6278 lV
1807 6223 1857 6276 336
1887 6219 1924 6274 3*.
1962 6231 2041 6288 quam
2062 6217 2193 6282 perrietas
2212 6199 2404 6276 (perspicuitas)
2419 6199 2453 6250 W
2471 6195 2537 6246 ¹⁰25
2552 6193 2598 6244 ¹7

606 6351 694 6390 rerum
714 6335 804 6390 11356
829 6333 847 6386 6
865 6361 901 6372 -
919 6339 1046 6398 generant
1068 6339 1095 6386 et
1121 6347 1247 6402 augmen·
1287 6331 1350 6385 toti
1373 6329 1393 6384 b
2014 6331 2049 6344 -
2069 6309 2107 6354 est
2120 6303 2205 6354 torma
2217 6291 2333 6390 quodam
2347 6287 2427 6386 modo
2447 6285 2598 6418 6666666661-

607 6431 660 6480 6666
678 6419 805 6488 turmam,
825 6435 906 6492 quani
919 6421 1016 6474 babent
1028 6423 1179 6490 virtualiter,
1194 6437 1244 6476 non
1339 6447 1374 6458 -·-
1394 6423 1419 6470 et
1436 6416 1508 6468 calor
1527 6411 1571 6464 ubi
1591 6413 1651 6462 sunt
1677 6399 1832 6462 formaliter,
1854 6393 1923 6446 dille·
1962 6395 2001 6456 lis,
2020 6389 2136 6456 quodam
2153 6381 2232 6434 modo
2252 6375 2416 6432 accidentalis
2436 6375 2534 6422 ratione
2564 6381 2598 6420 u·

606 6513 749 6566 formaliter
767 6505 793 6566 Ι66
821 6513 867 6566 366
904 6509 983 6564 3*-
1003 6511 1119 6564 educunt
1148 6513 1246 6564 termas
1284 6513 1345 6562 runt
1362 6503 1533 6558 essentialiter
1559 6499 1578 6550 ll
1603 6495 1655 6546 553
1674 6491 1692 6540 6.
1716 6489 1741 6540 7.
1760 6485 1812 6538 563
1832 6481 1860 6534 7*
1889 6511 1922 6522 -
1962 6481 2033 6544 garis
2057 6471 2205 6566 comitantis
2227 6467 2246 6516 li
2276 6465 2327 6562 338
2354 6459 2541 6594 666-,(1666
2561 6455 2599 6592 dli-

605 6603 771 6668 depoteutia
792 6605 937 6666 inactum,
958 6601 1245 6654 adiuvandovirtutem
1284 6597 1345 6664 plus
1364 6567 1922 6724 666661666666ίᾳῑ666616Γ611ἑ6ῐ61161686037686.3
1961 6547 2492 6710 {gisorcoeiquegffiwgpigugllgstlrfflzdarsscg
2507 6549 2598 6682 rma

605 6697 714 6746 naturae
733 6693 862 6744 interioris
879 6689 942 6746 ibid.
1285 6711 1318 6724 —
1338 6682 1413 6736 Calor
1430 6675 1619 6732 concomiaur
1649 6681 1663 6718 6
1889 6681 1923 6694 -
2067 6735 2073 6744 .
2129 6733 2134 6744 ¹
2179 6681 2186 6704 i
2288 6725 2294 6734 .
2334 6723 2339 6734 .
2503 6721 2508 6732 ι
2546 6717 2551 6728 1

657 6809 692 6822 ·-
711 6795 763 6834 non
792 6787 900 6834 causant
927 6779 1074 6834 necessario
1103 6791 1152 6830 nec
1175 6777 1243 6828 suill-
1283 6777 1308 6826 et
1328 6771 1399 6824 calor
1416 6771 1441 6818 in
1464 6769 1524 6828 igne
1536 6773 1565 6812 se
1579 6753 1784 6810 concomitantur
1796 6745 1827 6796 lll
1841 6741 1922 6792 3666
1960 6737 2157 6828 contrarietatis,
2177 6731 2352 6790 corruptionis
2372 6729 2397 6774 66
2408 6719 2569 6834 alterationis
2579 6717 2598 6768 ll

620 6871 626 6882 '
865 6867 876 6894 *
1018 6895 1055 6906 -
1127 6867 1134 6878 ·
1185 6865 1191 6876 ·
1334 6885 1370 6898 -
1486 6851 1640 6902 alisnonre
1660 6831 1922 6888 eriturnisiincrea·
1960 6825 2006 6876 336
2031 6819 2059 6872 6*
2078 6845 2113 6858 -
2132 6815 2236 6868 ridetur
2256 6825 2314 6864 esse
2339 6809 2420 6862 iorma
2441 6807 2598 6858 substantia·

603 6867 1012 7014 (111161681661166366616166661116186
1040 6861 1244 7008 662616191611168
1283 6855 1749 7000 6]ρᾶ6603118101Μ6666611666666
1777 6915 1920 6982 corporalia
1961 6915 1989 6964 lis
2010 6909 2129 6962 omnium
2150 6913 2292 6968 corporum
2314 6899 2332 6950 il
2352 6897 2403 6950 339
2423 6893 2441 6948 6
2460 6897 2598 6962 sq.-est

707 7063 810 7122 iudices
827 7063 858 7120 i'n
875 7067 937 7118 lom.
956 7059 1029 7116 l·lV.
1049 7057 1113 7126 Opp.
1132 7055 1163 7110 S.
1181 7055 1284 7110 Bonna.
2457 7001 2490 7056 36
