5784 8384
332 595 375 662 84
1075 597 1077 602 ’
1119 617 1134 632 4·
1160 589 1275 656 INDEX
1291 589 1497 656 succubus·
1548 651 1550 654 .

623 677 685 732 CUL
1973 677 2035 732 CYP

384 801 421 812 -
438 773 547 824 Peccato
566 767 714 818 ¹otteoditur
742 767 829 818 644444
850 767 972 818 maiestas
1010 773 1053 818 tor
1071 767 1164 834 expelli
1192 769 1218 818 ln
1237 769 1323 832 primo
1342 767 1453 830 instanti,
1474 767 1497 818 in
1520 779 1571 832 ouo
1591 779 1648 818 esse
1687 775 1722 806 -·
1740 769 1807 832 signi
1829 769 1937 820 totaliter
1953 767 2063 822 retertur
2081 769 2114 820 ad
2134 771 2221 836 ipsum
2242 773 2328 836 signa·

332 867 359 914 84
387 863 473 912 anima
503 857 651 908 infirmatur
680 855 770 922 quoad
793 855 927 920 ‘potentias
954 855 973 906 ll
1010 855 1168 908 desinitseu
1188 857 1296 920 quando
1316 857 1402 920 primo
1421 859 1530 906 nonest
1549 851 1647 904 44144
1685 861 1741 908 tum
1761 857 1789 908 lll
1810 857 1860 908 609
1892 855 1919 910 3*
1944 885 1979 898 --
2005 857 2070 908 Niltil
2098 857 2262 912 adorandum
2287 867 2328 914 est

333 949 385 1000 675
405 947 423 1000 b
440 943 681 1010 sip-Quomodo
701 957 717 994 a
735 943 811 1006 culpa
831 943 974 994 naturain·
1011 941 1040 996 4*
1057 971 1094 984 --
1113 943 1190 996 babet
1209 957 1267 994 esse
1286 944 1309 994 irr
1331 943 1433 992 instanti
1463 947 1487 994 et
1505 949 1544 992 est
1562 943 1588 992 in
1607 943 1649 992 sui
1685 947 1793 1006 propter
1821 945 2003 1012 aliud,quod
2022 947 2046 996 ip
2067 959 2094 998 48
2114 947 2193 1002 babet
2212 947 2326 1016 aliquam

332 1037 464 1098 firmetur,
492 1033 614 1084 haeretiei
633 1031 858 1098 (Pelagiaailnon
876 1043 973 1096 eogno-
1010 1033 1120 1086 termino
1139 1031 1278 1082 intrinseco
1295 1027 1357 1082 ibid.
1420 1079 1421 1082 ,
1487 1053 1514 1066 κ·
1685 1031 1826 1096 rationem,
1845 1037 1873 1082 ut
1893 1035 2034 1088 honoretur
2054 1033 2154 1088 441468
2174 1033 2326 1088 4*.41143*.

332 1127 426 1174 verunt
445 1121 464 1172 14
483 1121 534 1172 676
548 1135 561 1172 a
574 1145 611 1160 -
623 1121 756 1172 bominem
776 1121 904 1184 exspoliat
916 1131 973 1184 gra·
1061 1145 1099 1160 ··-
1115 1119 1172 1170 eius
1190 1119 1307 1184 expulsio
1319 1117 1467 1170 seeundum
1481 1117 1599 1170 diversos
1611 1127 1650 1170 re*
1685 1119 1736 1170 444
1757 1117 1782 1170 6.
1801 1119 1829 1172 3.
1847 1119 1893 1172 871
1916 1121 1934 1172 b

332 1209 551 1274 448448468468
577 1209 673 1272 Deum,
694 1207 813 1260 vuluerat
831 1209 973 1274 naturalia,
1009 1211 1116 1272 spectus
1135 1205 1229 1258 dicitur
1254 1205 1398 1258 vivificatio
1427 1207 1542 1272 animae,
1561 1205 1650 1258 iustili-
1739 1235 1774 1244 -
1792 1207 2325 1280 Disperitascultusconsideraturquoad

332 1297 459 1350 laedendo
482 1301 601 1348 naturam
614 1295 649 1348 lV¹
663 1297 751 1346 la-
770 1301 808 1350 est
827 1311 900 1350 mors
918 1299 974 1348 ani·
1010 1295 1091 1360 catio,
1116 1297 1230 1360 sanatio,-
1256 1295 1392 1348 renovatio
1412 1295 1444 1346 lV
1464 1293 1514 1346 433
1534 1295 1558 1346 d.
1580 1295 1649 1346 l-
1685 1295 1766 1360 iidem
1797 1295 1840 1348 vel
1867 1297 1946 1348 etiam
1973 1301 2061 1364 (44846
2090 1301 2257 1354 Sacramenta
2288 1301 2324 1352 lV

332 1399 391 1438 mae
410 1391 531 1436 8184444
559 1385 651 1446 mortis
678 1387 821 1450 corporalis
840 1385 929 1436 41546
954 1383 973 1436 b
1009 1389 1139 1448 purgatur
1158 1397 1205 1448 per
1224 1385 1347 1438 virtutem
1365 1385 1408 1436 484
1427 1397 1476 1448 444
1494 1383 1591 1448 duplex
1606 1383 1650 1434 Sa·
1685 1381 1786 1436 8443*
2152 1375 2154 1380 ’
2190 1431 2191 1434 ,

332 1493 367 1512 -’
379 1471 553 1526 substantiam
563 1475 720 1528 naturalium
740 1489 792 1526 non
810 1473 971 1536 corrumpit,
1010 1465 1224 1524 eramentum'lv
1243 1469 1294 1522 434
1313 1471 1341 1524 d.
1354 1471 1369 1522 5
1383 1487 1417 1508 -’-
1430 1477 1459 1524 44
1469 1473 1534 1524 44148
1547 1471 1650 1538 expelli·
1738 1469 1798 1524 Cuu¹
1811 1499 1848 1512 --
1866 1473 1926 1526 dicit
1946 1473 2030 1526 solum
2042 1477 2268 1544 coniunctionem,
2279 1475 2324 1530 rel

332 1563 379 1616 sed
399 1563 529 1616 48864184
548 1565 683 1616 deordioat
704 1563 720 1616 li
741 1561 792 1612 167
810 1559 973 1612 b-mator
1010 1561 1177 1626 1444444848,
1199 1559 1346 1612 utmacula
1371 1559 1476 1626 dolore,
1495 1567 1525 1612 ut
1542 1561 1649 1628 sequela
1685 1561 1883 1614 associationem
1910 1573 1972 1614 eum
2000 1565 2151 1616 auctoritate
2176 1565 2184 1614 l
2213 1563 2265 1616 347
2292 1565 2322 1616 b.

296 1681 297 1684 =
332 1653 417 1716 inagis
435 1655 562 1718 pervertit
581 1647 972 1714 saturamine-nunqnam
1009 1649 1122 1702 caritatis
1142 1649 1236 1700 ardore
1256 1649 1289 1700 lV
1304 1647 1485 1702 4444*-44
1498 1649 1650 1702 deformans
1685 1649 1816 1702 65461

332 1741 365 1792 414
385 1745 458 1794 airiat
478 1749 596 1794 naturam
609 1739 777 1802 rationalem,
797 1737 860 1802 quin
878 1737 912 1790 sit
928 1749 972 1788 no·
1010 1733 1115 1790 detetur
1128 1751 1176 1800 per
1193 1739 1304 1802 gratiam
1324 1739 1524 1802 reiormantem,
1540 1743 1582 1792 ‘ut
1606 1735 1649 1790 de·
1738 1735 1869 1790 Curionis
1888 1767 1922 1778 -
1941 1743 1980 1790 est
1999 1741 2086 1806 passio
2105 1747 2130 1792 et
2149 1739 2324 1806 8444411845

330 1829 409 1882 bilior
427 1843 506 1896 444444
525 1827 681 1880 irrationalis
701 1815 735 1878 tv'
752 1825 804 1876 368
824 1823 853 1874 4*
1010 1825 1148 1878 nobilitans
1175 1839 1224 1890 per
1250 1825 1593 1890 4441448444,14444141441844,
1620 1829 1649 1876 ut
1669 1823 1702 1892 t.
1722 1823 1737 1874 5
1756 1851 1791 1862 -
1809 1833 1849 1880 est
1865 1829 1939 1880 radix
1963 1829 2082 1882 omnium
2100 1835 2269 1894 peccatorum
2291 1845 2324 1882 ex

382 1915 697 1980 -6448818844844144
717 1913 815 1978 gratiae
835 1911 969 1966 445844).
1008 1913 1152 1966 vulnerans
1180 1929 1228 1978 per
1257 1917 1466 1968 Sacramentum
1487 1927 1596 1978 curans,
1620 1919 1650 1964 ut
1685 1919 1760 1976 parte
1784 1919 1962 1970 conversionis
1985 1919 2005 1970 ll
2026 1917 2077 1970 373
2096 1931 2109 1970 4
2130 1945 2164 1954 -
2183 1917 2325 1982 Cupiditati

290 2007 291 2010 ’
331 2003 382 2056 585
411 2007 428 2054 4.
457 2003 482 2070 3,
509 2003 536 2054 b.
565 2001 618 2054 877
638 2001 667 2054 3*
685 2029 722 2042 -
741 2003 838 2054 directe
854 2003 973 2068 opponi·
1008 2009 1067 2054 actu
1088 1997 1649 2068 4814414144484484441444844814448444-
1685 2003 1928 2066 444844144444444
1953 2005 2078 2070 largitatis
2101 2007 2130 2058 lll
2156 2003 2207 2058 644
2232 2003 2262 2058 4*
2287 2033 2324 2046 --

288 2105 290 2108 ·
330 2099 372 2144 tur
391 2093 490 2156 gratiae
508 2099 535 2144 et
553 2097 591 2144 cst
610 2093 633 2144 ei
647 2089 880 2156 incompassibilis,
896 2103 972 2154 prae·
991 2091 1084 2156 dem,
1104 2097 1131 2144 ut
1151 2097 1298 2156 perpetrata
1317 2105 1378 2142 cum
1404 2091 1572 2144 delectatione
1592 2105 1648 2156 pas·
1685 2101 1820 2156 nunquam
1845 2093 1953 2144 satiatur
1970 2093 1988 2144 ll
2013 2093 2029 2144 5
2045 2093 2064 2144 b
2084 2109 2123 2162 sq.
2141 2123 2176 2134 -
2203 2095 2248 2146 484
2272 2109 2324 2146 am·

329 2181 491 2246 terculpem
516 2181 646 2234 venialem
674 2189 794 2246 respectu
821 2179 919 2244 gratiae
943 2179 971 2228 in
991 2181 1081 2232 ¹sione
1101 2183 1230 2232 contraria
1247 2183 1282 2234 lV
1300 2181 1386 2232 3134
1528 2209 1529 2216 2
1684 2175 1808 2228 hittonem
1831 2179 2324 2250 4414844444,444848444844-

329 2275 396 2322 slatu
416 2269 567 2336 imperfecto
596 2269 624 2320 lll
656 2267 706 2320 357
728 2267 754 2318 4*
779 2295 808 2306 -
827 2267 972 2332 opponitur
1060 2297 1095 2306 —
1114 2269 1149 2320 ad
1167 2269 1341 2332 praesentiam
1361 2269 1459 2332 gratiae
1478 2269 1586 2320 omniuo
1604 2267 1648 2318 68-
1685 2279 1743 2316 1444
1763 2267 1782 2318 44
1800 2265 1851 2318 549
1872 2283 1893 2318 4
2165 2329 2166 2332 ¹

307 2361 428 2426 ,gratiae
455 2357 603 2412 secundum
626 2356 753 2422 sormam,
773 2357 818 2408 sed
840 2369 890 2408 non
911 2355 971 2408 tesi·
1007 2357 1082 2420 48144,
1104 2369 1198 2408 48884
1220 2353 1647 2420 441414486414145754),1*,4*
1736 2351 1846 2408 Cuxaxto
1875 2383 1910 2394 --
1937 2357 2037 2422 lilper
2059 2361 2186 2410 contraria
2216 2365 2268 2412 tam
2293 2363 2320 2412 in

330 2449 372 2498 stit
390 2449 423 2510 84,
442 2449 489 2498 nisi
509 2447 635 2512 quamdiu
662 2445 783 2498 voluntas
800 2445 824 2496 ei
845 2445 971 2496 consentit
1006 2473 1043 2484 -
1059 2445 1142 2498 deleta
1157 2459 1209 2496 uon
1222 2449 1306 2510 potest
1325 2445 1410 2498 redire
1423 2445 1516 2498 eadem
1530 2441 1562 2498 44.
1579 2445 1603 2510 b,
1617 2443 1647 2496 4*
1683 2443 1863 2506 corporalibus
1883 2459 1963 2512 quam
1982 2447 2007 2498 in
2027 2447 2206 2512 spiritualibus
2218 2447 2252 2500 tv
2271 2447 2323 2500 364

331 2535 365 2588 441
386 2537 435 2588 toa
456 2533 484 2588 4*
502 2561 539 2574 -
557 2535 641 2586 llomo
661 2549 709 2600 per
736 2533 842 2598 eulpam
867 2533 972 2596 perimit
1007 2561 1041 2572 -··
1061 2535 1115 2586 Una
1145 2537 1227 2598 gratia
1255 2533 1324 2586 delet
1352 2547 1459 2586 omnem
1482 2533 1587 2598 culpam
1615 2535 1647 2586 444
1683 2531 1904 2596 44-41484
1925 2535 2111 2600 emplastrum,
2138 2535 2324 2600 484484441-

329 2627 439 2690 gratiam
459 2623 492 2676 lV
512 2621 546 2674 44
565 2621 595 2674 3*
1008 2621 1058 2672 446
1079 2621 1108 2672 6*
1124 2647 1161 2660 --
1178 2621 1296 2674 mortalis
1320 2637 1371 2674 4444
1392 2637 1440 2674 444
1464 2621 1646 2674 6888148844-
1682 2633 1732 2670 nus
1751 2627 1777 2672 et
1793 2623 1937 2674 cauterium
1958 2621 1990 2676 lV
2012 2621 2062 2674 485
2077 2639 2096 2674 -a
2114 2651 2151 2662 -
2168 2623 2224 2676 Una
2237 2627 2325 2688 aegri-

382 2727 488 2764 —non
507 2718 593 2776 potest
611 2725 718 2764 4444448
737 2711 970 2774 imprimentia
1007 2711 1327 2762 dumiustiliamremitti
1347 2711 1471 2764 sinealia
1489 2711 1523 2762 lV
1541 2707 1645 2762 5184*.
1682 2707 2224 2774 146444844844848444441184444,41764
2246 2711 2323 2762 4*-
2382 2699 2385 2704 ’

331 2799 783 2856 84644844448444411144849
812 2797 841 2852 6*
863 2827 900 2838 -
918 2811 969 2850 484
1007 2799 1057 2852 548
1079 2797 1229 2874 4*.-484
1254 2809 1558 2864 4844848144,44448448
1586 2805 1645 2854 actu
1681 2811 1733 2850 non
1752 2803 1791 2850 est
1809 2795 1954 2864 possibilis,
1973 2807 2095 2864 corrupta
2114 2803 2141 2852 ui
2164 2801 2274 2856 naturali
2294 2801 2324 2852 111

329 2897 489 2956 4448418448
508 2891 666 2956 sinepoonu
685 2889 719 2942 lit
738 2889 789 2942 466
810 2885 838 2940 1*
858 2917 892 2924 -
911 2901 969 2940 8444
1007 2891 1084 2954 plene
1103 2887 1226 2954 culpabili
1247 2889 1263 2940 ll
1284 2887 1331 2942 761
1356 2887 1384 2942 4*
1402 2919 1437 2962 7
1457 2895 1515 2954 post
1535 2897 1645 2942 mortem
1682 2885 1717 2938 87
1735 2885 1772 2938 4*.
1791 2887 1825 2940 lV
1853 2887 1903 2942 548
1929 2887 1959 2942 3*
1977 2917 2013 2926 —-
2030 2891 2170 2954 spiritualis
2199 2897 2236 2942 est
2264 2905 2324 2954 pro·

329 2981 772 3046 inseparabilitersequiturpoena
793 2979 810 3030 ll
830 2975 969 3044 84844444.
1007 2985 1050 3032 844
1073 2977 1219 3032 indelebilis
1236 2979 1272 3030 444
1290 2977 1337 3030 554
1362 2977 1446 3044 44444,
1467 2975 1503 3030 4*.
1523 2963 1574 3030 884
1595 2975 1623 3028 5*
1683 2977 1738 3040 prie
1767 2977 1993 3030 Sacramentorum
2019 2979 2050 3032 lV
2076 2975 2127 3030 434
2152 2975 2176 3030 6.
2205 2977 2277 3028 l-
2295 2979 2325 3030 lit

328 3097 365 3110 ··-
383 3071 468 3122 statim
488 3071 607 3134 sequitur
625 3067 801 3120 644444484148
819 3073 877 3118 4844
892 3071 918 3118 81
935 3065 970 3116 al·
1059 3065 1230 3118 -Lilrerum
1244 3065 1380 3118 arbitrium
1395 3069 1449 3118 sine
1464 3067 1545 3130 gratia
1560 3071 1646 3130 polest
1682 3079 1730 3128 por
1755 3067 1892 3132 virtutem,
1918 3068 1960 3119 vel
1992 3081 2040 3130 per
2068 3069 2266 3120 Sacramentum
2290 3069 2324 3120 tv

329 3159 408 3208 litatio
436 3157 527 3208 saltem
555 3155 644 3206 habitu
668 3157 686 3206 ll
707 3155 757 3206 844]
778 3171 792 3206 4
810 3181 846 3194 —-
864 3167 970 3216 semper
1007 3155 1128 3206 detestari
1141 3153 1301 3218 culpam,ut
1313 3155 1460 3220 estloesira
1473 3165 1589 3218 naturae,
1600 3155 1647 3206 sed
1682 3153 2017 3206 314413144414
2042 3153 2072 3206 3*
2089 3185 2124 3194 -
2141 3157 2192 3208 Per
2211 3159 2323 3220 gratiam

329 3245 408 3298 babet
437 3257 550 3308 poenam
589 3245 717 3296 internam
752 3243 918 3296 coniunctam
949 3241 968 3292 ll
1007 3243 1128 3296 detestari
1149 3243 1254 3306 8414444
1275 3249 1301 3294 41
1319 3243 1365 3292 Dei
1385 3241 1539 3294 ostensivum
1559 3241 1647 3306 dispo·
1682 3239 1761 3290 debet
1784 3243 1868 3296 curari
1894 3245 2323 3308 persona‚uonnatura11763

332 3333 381 3384 153
402 3331 430 3386 4*
449 3331 711 3396 -inseparabiliter
730 3331 838 3396 punitur
857 3331 969 3382 carentia
1007 3333 1044 3384 nil
1070 3329 1104 3382 ad
1133 3331 1243 3394 gratiam
1275 3335 1378 3394 gratum
1407 3329 1543 3382 lactentem
1563 3337 1589 3382 84
1607 3337 1647 3384 841
1682 3327 1770 3394 bsq.,
1792 3327 1821 3380 6*

329 3423 437 3474 visionis
457 3419 501 3472 Dei
522 3421 539 3470 ll
560 3421 611 3470 466
632 3419 661 3470 4*
680 3419 777 3470 -Per
791 3419 969 3484 culpamquls
1007 3419 1105 3470 donum
1125 3419 1224 3482 gratiae
1243 3419 1323 3482 gratis
1343 3419 1418 3470 datae
1437 3419 1464 3470 lll
1484 3419 1536 3470 683
1556 3415 1592 3470 8*.
1612 3419 1645 3470 tv
1736 3417 1882 3470 Cumosrrxs
1896 3445 1927 3456 -
1942 3419 2187 3472 inconsideratione
2207 3419 2325 3476 64441444-

329 3511 447 3576 4644144
467 3493 574 3562 4848444
591 3509 675 3574 bono,
705 3509 766 3574 quia
795 3507 919 3572 indignus
941 3507 969 3560 44
1006 3507 1188 3560 33541036
1210 3505 1237 3560 4*
1684 3519 1728 3558 448
1747 3509 1959 3584 attentionemel
1980 3509 2094 3560 utilitatis
2111 3509 2284 3572 irritationem
2305 3511 2324 3562 ll

330 3599 419 3650 diuino
437 3599 553 3662 aspectui
572 3599 732 3662 praesentari
751 3599 771 3650 il
788 3597 840 3650 713
860 3611 874 3648 4
1059 3595 1209 3650 (144444-
1227 3597 1274 3648 Dei
1292 3603 1330 3650 est
1349 3603 1422 3648 actus
1440 3597 1647 3650 44414441414448
1685 3593 1735 3646 147
1756 3593 1785 3646 6*
1796 3623 1834 3634 -
1845 3601 1884 3648 841
1904 3597 2040 3662 diiigenter
2053 3599 2169 3662 aspicere
2186 3599 2324 3664 quod'non

381 3687 568 3740 -Dcusnon
590 3691 675 3752 potest
694 3685 897 3738 iaceremalum
918 3685 969 3736 cul·
1006 3685 1034 3736 lll
1054 3685 1105 3738 444
1125 3701 1139 3738 4
1159 3711 1193 3724 -
1214 3687 1401 3752 (444144484444
1421 3685 1646 3740 denominationes
1684 3683 1743 3736 licet
1762 3687 1922 3752 appeterell
1944 3685 2063 3752 146444.
2083 3689 2099 3738 7
2118 3689 2199 3738 -iu
2218 3689 2324 3754 inquisi-

329 3791 378 3842 pae
399 3763 970 3838 144444.141444-4144444844444
1006 3775 1035 3826 444
1054 3775 1105 3828 448
1124 3791 1194 3826 u-
1214 3775 1307 3850 dicitur
1337 3773 1469 3828 theosebia
1493 3783 1518 3828 84
1537 3777 1646 3840 pietasl
1684 3773 1753 3826 tione
1774 3777 2171 3842 noninvenitralioncm,quae
2192 3777 2324 3842 liuiatap·

329 3879 380 3918 non
400 3869 485 3930 potest
512 3879 568 3916 esse
597 3881 612 3916 a
636 3865 702 3930 lieo,
732 3877 793 3916 curn
818 3863 904 3928 privet
924 3875 969 3914 844
1007 3863 1058 3914 835
1077 3863 1103 3916 6.
1123 3863 1148 3914 5.
1167 3863 1196 3916 144
1217 3863 1267 3914 414
1288 3861 1647 3916 3*.4174].78544.7861*
1684 3863 1806 3928 petitum,
1827 3863 1873 3916 sod
1892 3871 1999 3928 generat
2024 3863 2100 3916 aliam
2120 3867 2321 3932 quaestionem,

328 3953 502 4018 conditiones,
532 3967 598 4020 quas
626 3953 708 4004 Deum
729 3953 799 4006 ornoi
820 3953 894 4016 operi
920 3965 969 4004 suo
1005 3979 1042 3990 -
1060 3953 1155 4004 dieitur
1172 3953 1257 4018 magis
1283 3957 1307 4004 84
1336 3953 1421 4004 urinus
1439 3953 1545 4016 proprie
1564 3961 1590 4004 et
1608 3955 1647 4004 sie
1684 3953 1751 4012 parit
1770 3965 1864 4004 novam
1886 3953 2077 4004 contentionem
2096 3959 2121 4004 et
2139 3939 2268 4006 immiscet
2287 3955 2323 4004 in-

301 4039 302 4042 ’
329 4043 391 4096 6448
413 4043 522 4094 6888414
543 4041 630 4094 11314
650 4055 690 4106 sq.
947 4047 961 4056 ”
998 4029 1116 4104 'pertinet
1135 4041 1168 4092 46
1187 4039 1305 4094 64484444
1326 4043 1434 4092 virtutes
1454 4043 1481 4092 lli
1503 4039 1554 4092 446
1574 4039 1591 4096 b
1610 4069 1647 4076 -
1683 4037 1857 4092 extricabilem
1879 4039 2067 4095 dubitationem
2087 4043 2105 4094 ll
2126 4041 2178 4094 44
2200 4071 2232 4078 -
2249 4033 2322 4094 indd'l

380 4157 417 4168 -
434 4127 969 4194 4484444844464144844444498614444
1007 4129 1186 4196 propriissime
1206 4129 1267 4182 dicit
1286 4115 1464 4182 adorationem
1484 4127 1559 4184 4444.
1683 4131 1718 4180 cit
1735 4129 1830 4180 multas
1842 4131 2007 4196 quaestiones
2020 4131 2043 4182 iu
2066 4131 2327 4198 theologiamquae

329 4217 363 4270 44
383 4217 420 4270 4*.
439 4217 489 4270 474
509 4233 524 4270 4
543 4247 577 4256 -
597 4219 678 4284 Deus,
699 4207 822 4286 quamuis
850 4217 969 4282 culpaei
1058 4219 1156 4270 -Est
1173 4219 1282 4272 interior
1307 4223 1334 4268 et
1358 4219 1469 4272 exterior
1486 4219 1515 4270 lll
1536 4217 1587 4268 418
1607 4215 1644 4268 4*.
1683 4231 1733 4268 444
1754 4219 1844 4270 iuvant
1862 4217 2025 4270 adsalutem
2043 4221 2063 4270 ll
2083 4217 2134 4270 344
2153 4233 2167 4270 4
2186 4223 2322 4284 -repri-

328 4307 471 4374 displiceat,
492 4315 624 4370 naturam,
647 4321 727 4374 quam
746 4307 813 4370 iecit,
827 4321 879 4358 nou
899 4307 966 4372 odit,
1006 4307 1052 4360 441
1078 4307 1103 4360 d.
1124 4307 1133 4358 l
1158 4307 1315 4372 -respicit
1334 4307 1646 4372 roagisaeluminterio·
1683 4305 1779 4358 448464
1796 4313 1836 4358 841
1860 4307 1886 4358 444
1911 4307 2066 4372 exponenda
2089 4321 2162 4360 sacra
2187 4309 2322 4374 Scriptura

329 4397 376 4448 486
389 4397 479 4462 diligit,
490 4397 524 4448 iia
535 4403 561 4448 ut
572 4397 970 4462 484444418444444,4448884484
1005 4409 1162 4462 remquam
1192 4397 1348 4448 exteriorem
1373 4395 1646 4449 44141744-4418-
1682 4391 1742 4446 idid.

329 4483 473 4538 8844844444
500 4485 534 4536 lli
553 4485 604 4538 348
623 4481 654 4536 4*
674 4513 706 4522 -
726 4485 863 4550 8448114144
881 4499 896 4536 4
914 4485 969 4536 Deo
1006 4487 1059 4538 rior
1086 4487 1189 4550 respicit
1219 4485 1324 4550 proprie
1350 4485 1458 4538 virtutes
1485 4485 1645 4548 theologicas
1733 4483 1923 4544 —Delectutio
1937 4483 2091 4538 curiositatis
2110 4491 2150 4538 est
2168 4487 2280 4538 maxime
2294 4487 2322 4538 in

323 4579 375 4638 ‘por
395 4573 594 4638 gratiamlibi
615 4571 651 4624 4*.
672 4573 705 4624 411
722 4571 863 4638 41344,1*.
884 4571 968 4626 4464
1005 4573 1035 4624 lll
1054 4575 1105 4624 416
1126 4571 1162 4624 1*.
1183 4573 1277 4634 4188,
1298 4571 1334 4624 4*.
1354 4573 1497 4640 419444.
1512 4573 1557 4624 444
1577 4571 1642 4624 dl.
1682 4571 1863 4638 44144444444
1885 4571 1968 4626 44484
1994 4571 2119 4624 4*--444
2141 4573 2244 4626 diabolo
2269 4587 2320 4626 non
2412 4559 2414 4562 ¹

327 4675 433 4714 -uon
463 4667 548 4726 potest
566 4663 669 4724 remitti,
695 4663 744 4712 nisi
763 4661 861 4728 44444446
881 4677 896 4712 4
916 4661 969 4714 lieo
1004 4661 1057 4712 774
1077 4677 1092 4712 4
1110 4691 1145 4700 -
1165 4661 1347 4726 complectitur
1365 4661 1544 4728 dilectionem,
1568 4661 1645 4714 sacri·
1681 4659 1729 4712 4444
1748 4667 1885 4724 peccatum
1904 4661 2058 4714 4418886844
2084 4663 2319 4728 praesumtionem,

327 4749 469 4814 tribuatur,
489 4765 537 4814 per
555 4751 627 4816 quod
647 4749 756 4802 morbus
770 4751 850 4802 animi
863 4757 969 4802 sanetur
1005 4751 1095 4802 licium
1114 4755 1140 4802 et
1158 4751 1332 4802 reuerentiam
1352 4751 1380 4802 lll
1401 4751 1446 4804 441
1472 4751 1495 4802 6.
1517 4753 1587 4802 4-
1604 4765 1645 4802 ex·
1682 4763 1730 4802 nec
1742 4749 1887 4814 aliud,sad
1898 4751 2010 4802 conditio
2021 4751 2054 4802 illi
2068 4763 2181 4802 connexa
2193 4751 2277 4802 44447
2291 4751 2322 4802 6*

327 4837 451 4892 416764
473 4867 505 4876 —-
526 4853 576 4890 non
596 4839 745 4904 expellitur,
765 4841 812 4892 nisi
833 4841 969 4904 Deusper
1006 4841 1217 4892 leriormaxirue
1240 4841 1356 4892 consistit
1383 4841 1562 4892 insaeriiiclo
1583 4837 1644 4892 idid.
1735 4835 1860 4892 Cuxxrrxs
1877 4865 1912 4878 ·-
1932 4841 1979 4892 Par
1991 4841 2147 4892 curvitatem
2167 4841 2247 4892 bomo
2266 4855 2323 4892 cor·
2417 4835 2418 4838 ’

328 4929 438 4996 gratiam
458 4927 583 4980 1444444181
607 4929 632 4980 444
662 4929 747 4978 anima
768 4927 858 4980 44677
878 4925 915 4982 6*.
936 4929 966 4982 lli
1004 4957 1040 4966 —
1058 4927 1188 4982 exhibitus
1208 4927 1322 4982 Creatori
1347 4931 1371 4980 et
1395 4927 1645 4982 ereaturaelorma-
1680 4937 1776 4996 ruptue
1799 4931 1937 4982 inclinatur
1963 4929 1996 4982 ad
2022 4931 2120 4982 malunt
2145 4927 2235 4982 44714
2259 4931 2275 4982 4.
2303 4931 2319 4982 4

328 5015 378 5068 445
399 5015 450 5068 4.3
470 5029 574 5086 -pon
596 5015 696 5070 deletur
717 5017 763 5068 nisi
791 5019 966 5084 pergratiam
1004 5015 1061 5068 liter
1075 5015 1200 5070 6144844114
1213 5015 1500 5070 44044468444444
1513 5015 1644 5070 etLolrr'u
1685 5017 1747 5072 Vide
1771 5017 1797 5070 V.
1818 5015 1945 5072 Prerrt'lus

328 5105 361 5158 lV
380 5105 448 5158 444.
473 5105 522 5156 1-3.
545 5103 577 5156 43
606 5119 620 5158 4
649 5119 688 5172 sq.
716 5105 765 5156 318
787 5107 802 5156 4.
823 5105 848 5158 4.
868 5105 918 5158 tta
938 5105 966 5160 b.
1058 5105 1149 5156 -Dei
1160 5105 1308 5174 ingenerati
1322 5111 1361 5158 est
1372 5105 1406 5156 de
1420 5105 1557 5158 dictamine
1573 5111 1644 5158 natu·
1734 5105 1943 5160 Cusronra-in
1958 5105 2117 5158 custodiente
2137 5113 2258 5174 respectu
2277 5121 2320 5158 cu-

327 5195 416 5246 5471.
437 5195 462 5258 4,
483 5193 510 5258 b,
533 5191 568 5244 1*.
590 5193 641 5246 575
660 5195 726 5246 4)-
743 5193 863 5246 absolute
881 5201 968 5258 potest
1004 5209 1062 5260 rue,
1085 5195 1131 5246 sed
1151 5195 1271 5258 44884444
1290 5195 1384 5246 modus
1404 5209 1455 5246 non
1474 5201 1514 5246 est
1527 5201 1642 5260 naturae,
1680 5195 1767 5250 stoditi
1786 5195 1848 5248 dicit
1865 5195 1998 5264 quandam
2018 5195 2220 5260 praesidentiam
2234 5197 2253 5246 ll
2268 5195 2319 5246 473

327 5285 407 5336 deleri
437 5297 450 5334 4
486 5283 541 5336 Deo
569 5283 625 5336 sine
657 5285 755 5348 gratiae
789 5283 918 5336 inlusione
949 5285 967 5336 ll
1004 5283 1051 5336 sed
1080 5285 1177 5348 gratiae
1205 5285 1236 5336 lll
1267 5285 1316 5334 618
1339 5281 1366 5336 4*
1384 5311 1421 5322 -
1439 5285 1598 5348 44488444144
1616 5285 1642 5336 44
1680 5299 1736 5350 444.
1757 5285 1782 5338 3.
1805 5285 1852 5336 481
1875 5285 1949 5336 b-
1967 5293 2005 5336 est
2027 5285 2095 5336 cirea
2114 5297 2175 5336 eum
2201 5285 2320 5348 444441-

328 5371 378 5424 877
394 5369 435 5422 4*.
455 5371 489 5422 tv
509 5369 597 5424 41314
1004 5373 1092 5436 primo
1110 5373 1233 5426 mandato
1250 5373 1280 5424 444
1298 5373 1350 5424 834
1369 5373 1419 5424 (4.1
1436 5375 1524 5424 -Ad
1544 5375 1643 5426 cultum
1679 5375 1880 5438 estimpugnari
1894 5377 1918 5426 et
1937 5375 2054 5438 superari
2076 5373 2157 5424 41484
2171 5369 2208 5424 4*.
2227 5373 2274 5422 481
2303 5387 2319 5422 4

380 5461 491 5510 -eius
518 5461 636 5524 expulsio
664 5461 783 5528 sequitur
809 5461 966 5514 inlusionem
1004 5461 1048 5514 Dei
1068 5461 1148 5528 444444
1167 5461 1264 5514 delient
1281 5477 1339 5522 esse
1366 5463 1512 5528 specialiter
1532 5463 1642 5516 dedicati
1679 5489 1716 5502 -··
1735 5463 1800 5528 Quia
1820 5465 1899 5514 homo
1917 5477 1947 5514 se
1965 5477 1979 5512 a
2000 5461 2046 5514 Dei
2075 5459 2192 5514 custodia
2220 5459 2320 5512 subtra-

327 5549 547 5612 4464814114
569 5545 967 5616 4*.4464,4*-484444141444
1004 5549 1038 5602 tv
1057 5551 1108 5602 806
1127 5549 1158 5604 5*
1354 5571 1356 5576 s
1680 5553 1728 5616 xit,
1748 5551 1818 5604 Deus
1837 5537 1995 5604 iustesuam
2015 5549 2159 5602 custodiam
2178 5549 2320 5614 denegarit

327 5637 353 5686 in
372 5637 476 5688 instanti
503 5637 536 5688 lV
560 5637 612 5690 379
642 5639 668 5690 6.
687 5639 713 5688 3.
734 5637 784 5690 433
804 5637 830 5690 d.
851 5637 865 5688 4
885 5667 920 5676 -
938 5643 968 5690 44
1055 5639 1239 5692 -exhibitus
1267 5641 1341 5692 alicui
1370 5643 1480 5692 retertur
1506 5639 1539 5690 46
1563 5639 1644 5692 4444444
1681 5643 1699 5692 44
1720 5639 1773 5692 535
1791 5637 1821 5690 4*

328 5725 438 5788 privatio
467 5731 492 5776 et
519 5721 669 5796 deformitas
689 5725 775 5778 statim
800 5733 966 5792 removator,
1004 5727 1257 5794 481414644844,
1286 5729 1327 5780 481
1349 5735 1376 5780 41
1395 5729 1428 5780 46
1448 5727 1596 5782 subiectum
1614 5731 1644 5782 ltl
1734 5729 1926 5792 4444414444-
1946 5729 2173 5792 negansueloreur
2196 5729 2318 5792 baptismi

327 5813 634 5876 oumioiuoditorgraua
646 5813 721 5866 14764
738 5827 752 5864 4
767 5815 967 5880 -eiusexpul-
1003 5817 1054 5868 406
1076 5815 1111 5868 «4*.
1131 5817 1181 5866 689
1202 5815 1231 5868 3*
1247 5845 1285 5856 -
1302 5831 1354 5870 484
1373 5819 1460 5870 solum
1478 5817 1589 5872 debetur
1607 5821 1644 5870 rei
1681 5819 1871 5870 baereticorum
1891 5819 2013 5884 excessit,
2033 5817 2079 5870 486
2098 5831 2150 5870 484
2163 5819 2211 5870 luit
2230 5819 2319 5870 444848-

328 5903 366 5954 slo
379 5903 504 5956 estsimul
517 5903 544 5978 io
557 5903 612 5954 4844
625 5907 651 5954 81
664 5903 687 5955 in
701 5903 769 5954 lacto
788 5915 854 5968 esso,
868 5909 893 5954 et
908 5903 967 5956 diei·
1003 5903 1176 5970 significatae,
1199 5903 1244 5956 sod
1265 5907 1343 5960 etiam
1361 5907 1437 5972 signo
1463 5907 1489 5960 lll
1517 5909 1566 5960 464
1592 5909 1608 5960 1.
1628 5909 1644 5960 4
1682 5909 1746 5960 ticos
1767 5907 1798 5960 lll
1820 5905 1869 5958 148
1891 5905 1915 5958 d.
1936 5905 1951 5958 4
