5800 8392
347 567 410 634 110
1172 561 1287 626 lNDEX
1308 559 1500 624 SECUNDUS

637 651 705 706 boll
1976 645 2039 698 Doti

397 771 434 784 ·-
450 745 493 796 vel
506 747 547 796 est
562 741 619 804 ipsa
637 741 737 802 virtus,
755 753 804 804 per
821 751 905 806 quam
923 737 984 804 quis
1072 765 1110 776 -
1120 735 1245 790 abstrahit
1265 735 1298 790 ab
1317 735 1411 788 actuali
1424 735 1659 788 communicatione
1748 735 1877 798 -Dare,
1898 741 1924 786 ut
1937 737 1976 786 est
1989 747 2022 786 ex
2033 731 2185 784 liberalitato
2205 737 2229 786 et
2242 747 2334 786 amore

345 831 479 900 praevalet
496 829 575 894 alteri,
596 829 636 880 vel
659 827 752 880 modus
764 825 935 892 perveniendi
948 825 983 876 ad
1021 825 1104 876 1327
1123 823 1143 876 i.
1167 827 1195 892 2,
1219 839 1233 876 6
1254 851 1290 864 ·-
1311 823 1373 876 dicit
1397 825 1659 876 communicationem
1697 825 1905 890 communicare,
1931 829 1971 876 est
1997 819 2104 874 omnino
2132 821 2279 886 essentiale,
2304 829 2334 876 ut

341 919 553 972 6666666661666
579 913 601 966 11
625 915 693 968 tots
713 915 784 968 b·-
802 913 934 968 obtinetur
951 927 984 966 ex
1021 913 1047 964 in
1064 911 1156 964 babitu
1179 913 1189 964 1
1216 911 1266 964 328
1290 911 1321 978 6,
1350 907 1386 962 6*.
1412 909 1459 962 336
1489 909 1520 962 2*
1541 937 1576 948 ...
1598 909 1659 964 dicit
1695 921 1760 960 vcro
1780 909 1840 964 dicit
1856 913 2035 964 auctoritatem
2054 909 2081 960 in
2098 907 2192 972 dane,
2212 907 2274 960 dicit
2285 921 2334 960 no-

344 1005 452 1070 iustitia,
473 1005 513 1056 vel
534 1005 640 1066 astutia,
665 1003 703 1054 vel
725 1003 847 1056 violentia
865 999 927 1056 idid.
945 1027 983 1040 -
1020 1005 1169 1064 respectum
1181 999 1215 1052 ad
1229 1001 1399 1064 accipientem
1412 997 1556 1050 secundum
1571 1005 1658 1050 actum
1695 999 1791 1050 tionem
1811 997 1819 1048 1
1839 999 1890 1050 266
1909 1013 1932 1050 6.
1952 999 2002 1052 266
2019 993 2334 1050 trutinatione

345 1093 436 1146 Omnis
453 1097 568 1158 potestas
596 1089 762 1156 praesidendi
791 1089 936 1144 secuudum
955 1089 984 1140 66
1020 1095 1050 1140 61
1067 1087 1242 1154 quoddatur,
1260 1089 1304 1140 vel
1319 1085 1660 1140 secundumhabitudiuem
1695 1111 1730 1124 -
1749 1085 1857 1138 Donatio
1875 1089 1993 1152 passiva,
2014 1095 2042 1140 ut
2065 1085 2170 1148 respicit
2194 1085 2334 1138 auctorita-

344 1179 418 1248 quod
435 1185 524 1232 estest
543 1179 624 1232 aDeo
636 1185 663 1230 et
675 1179 742 1232 iusta
754 1179 846 1234 saltem
860 1185 981 1246 respectu
1022 1181 1050 1228 ut
1067 1175 1235 1242 donandum,
1256 1177 1298 1228 vel
1316 1173 1463 1226 secundum
1484 1173 1658 1238 aptitudinem
1697 1179 1747 1224 tem
1769 1173 1793 1224 in
1818 1173 1911 1238 dante,
1934 1179 1974 1226 est
1991 1175 2061 1228 idem
2082 1173 2153 1242 6666
2171 1173 2304 1236 processio
2325 1173 2333 1224 1

344 1267 535 1322 subiacentium
551 1263 612 1320 idid.
630 1281 680 1334 66,,
698 1265 784 1320 2*-
802 1273 930 1334 quantum
947 1265 983 1316 ad
1022 1267 1050 1314 ut
1067 1263 1189 1316 donabile
1208 1265 1218 1316 l
1236 1263 1288 1314 326
1305 1263 1332 1314 6.
1353 1263 1404 1314 330
1423 1261 1527 1314 b-in
1549 1261 1661 1328 quibus·
1697 1259 2334 1326 266626763-666661661666666661

344 1355 454 1408 modum
468 1355 624 1408 deveniendi
641 1355 669 1408 66
682 1357 876 1422 comparatione
888 1355 924 1408 ad
935 1365 984 1404 vo
1020 1351 1082 1402 dam
1102 1353 1271 1418 consequitur
1290 1353 1416 1404 rationem
1434 1349 1500 1410 dati,
1526 1353 1551 1402 66
1571 1351 1660 1416 atiquo
1696 1349 1863 1402 essentialiter
1883 1353 2145 1416 etcommuniter,et
2162 1349 2334 1414 personaliter

344 1443 468 1496 luntatem
489 1443 659 1510 praesidentis
678 1449 831 1510 potestesse
851 1443 944 1494 iniusta
957 1445 984 1492 et
1021 1439 1110 1490 datum
1129 1441 1300 1506 consequitur
1311 1441 1437 1494 rationem
1458 1437 1536 1506 doni,
1553 1451 1614 1492 cum
1633 1439 1660 1490 il·
1696 1443 1722 1488 et
1739 1437 1868 1500 proprtel
1889 1437 1938 1488 328
1958 1435 1977 1488 6
1995 1463 2033 1476 -
2051 1437 2164 1500 Spiritus
2182 1441 2286 1490 sanctus
2303 1443 2334 1490 ut

344 1545 396 1584 non
415 1545 431 1584 6
450 1531 503 1586 ileo
529 1533 551 1584 11
568 1533 636 1584 6606
657 1547 673 1584 6
691 1557 725 1570 -·
745 1533 873 1584 malorum
902 1533 941 1582 est
968 1541 984 1578 a
1020 1527 1065 1578 lud
1085 1541 1113 1578 se
1130 1527 1253 1592 importet
1265 1527 1458 1592 liberalitatem,
1477 1529 1576 1580 etiamsi
1597 1541 1660 1580 nun·
1696 1523 1872 1578 datumadse
1893 1525 1998 1590 dicitur,
2019 1523 2190 1578 nonutdans
2208 1525 2286 1578 1628
2306 1523 2333 1576 6.

344 1619 398 1672 Deo
419 1623 573 1686 permissivo
591 1629 618 1674 66
634 1621 723 1684 potius
740 1617 822 1670 aDeo
834 1615 984 1668 vindicante
1020 1629 1102 1682 quam
1119 1615 1195 1670 detur
1215 1617 1224 1668 1
1242 1617 1294 1692 326
1314 1613 1351 1668 1*.
1364 1617 1416 1668 327
1429 1615 1467 1682 3*,
1486 1615 1524 1668 6*.
1538 1617 1590 1668 336
1604 1617 1628 1668 6.
1644 1617 1655 1668 6
1696 1611 1758 1664 6-
1769 1613 1861 1668 dicitur
1873 1615 2070 1668 convenientius
2084 1613 2116 1666 de
2135 1613 2230 1678 Spiritu
2241 1619 2334 1668 sancto

344 1721 427 1776 quam
443 1709 607 1776 approbante
625 1705 698 1780 1666,
722 1703 750 1756 6*
764 1689 802 1744 ὲ·
820 1701 984 1770 propterab·
1018 1703 1448 1758 -Donarinonsolumdicitdoni
1460 1707 1659 1772 emanationem,
1696 1715 1778 1770 quam
1796 1701 1885 1756 datum
1905 1703 1914 1754 1
1932 1701 1984 1754 327
2003 1717 2019 1754 6
2037 1715 2077 1768 66.

342 1809 422 1850 usum
442 1803 525 1862 potest
538 1791 614 1848 'iuste
636 1793 734 1846 auterri
751 1791 787 1846 t'b.
809 1791 838 1846 6*
857 1821 891 1830 -
911 1805 985 1844 usur·
1020 1791 1066 1846 sed
1085 1793 1197 1857 amplius
1217 1795 1275 1846 eius
1292 1797 1569 1860 communicationem,
1590 1807 1660 1860 quae
1748 1789 1837 1842 -66
1855 1795 1962 1842 aeterno
1979 1803 2086 1842 necesse
2103 1789 2163 1854 luit,
2182 1793 2212 1842 ut
2228 1803 2334 1842 emana-

343 1891 436 1950 patum
452 1899 504 1936 non
523 1881 616 1938 66666
632 1877 935 1948 iuraseddelactoib.
955 1875 987 1930 6*
1021 1883 1189 1949 consequitur
1213 1897 1272 1936 6666
1293 1883 1355 1936 6666
1378 1883 1386 1934 1
1408 1883 1458 1934 326
1484 1881 1512 1932 6*
1534 1909 1568 1920 -
1590 1881 1661 1932 Dans
1696 1883 1735 1930 666
1752 1891 1878 1944 6666666,
1898 1881 1923 1930 66
1942 1893 1993 1946 666
2013 1881 2084 1932 Deus
2102 1879 2189 1930 omnia
2212 1877 2289 1930 vellet
2306 1881 2334 1930 et

397 1973 565 2026 -Potestas
583 1967 737 2022 dominandi
759 1983 812 2022 non
836 1975 876 2022 est
893 1971 983 2022 contra
1022 1971 1119 2036 aliquid
1139 1971 1218 2024 babet
1236 1985 1313 2036 posse
1331 1985 1413 2034 super
1430 1969 1494 2022 illud
1511 1971 1521 2022 1
1541 1969 1587 2022 266
1611 1969 1627 2020 6.
1643 1969 1659 2020 2
1697 1965 1805 2018 6666666
1823 1965 1832 2016 1
1853 1965 1903 2018 636
1921 1969 1938 2020 6.
1959 1965 2024 2018 1-
2035 1969 2120 2020 Tertia
2146 1981 2255 2032 persona
2275 1979 2334 2032 pro-

344 2061 386 2112 ius
404 2063 512 2112 naturae
529 2059 726 2124 universaliter,
747 2059 831 2110 66666
853 2063 920 2110 statu
939 2071 984 2108 na·
1073 2083 1111 2096 -
1122 2057 1216 2112 dicitur
1235 2057 1267 2112 de
1281 2059 1421 2124 gratuitisl
1439 2055 1527 2110 3276.
1546 2057 1573 2122 3,
1595 2055 1660 2108 6-
1695 2053 1764 2106 cedit
1783 2055 1849 2106 sicut
1860 2055 1924 2106 ratio
1944 2055 2070 2122 donandi,
2085 2061 2204 2122 quaeest
2217 2055 2333 2106 intrinse-

344 2151 420 2202 turae
442 2149 561 2214 integrae
585 2147 607 2198 11
633 2145 701 2198 totto
731 2145 758 2196 1*
776 2175 813 2184 -
835 2159 927 2198 rerum
944 2151 985 2198 est
1020 2147 1094 2212 large
1113 2145 1206 2202 dicitur
1231 2161 1308 2200 omae
1332 2145 1406 2212 quod
1429 2145 1554 2198 divinitus
1579 2145 1660 2210 gratis
1695 2141 2123 2206 666666666666666666616666666.
2140 2141 2334 2208 t*-spirttus

334 2237 494 2290 ¹communis
518 2235 590 2288 omni
619 2235 694 2288 statui
722 2237 843 2300 naturae;
870 2239 985 2300 potestas
1021 2235 1098 2286 datur
1116 2235 1144 2286 111
1164 2235 1215 2288 738
1236 2233 1433 2298 6*-6666666
1451 2231 1581 2298 estquod
1600 2235 1659 2286 sim·
1694 2235 1800 2282 sanctus
1817 2229 1935 2294 procedit
1954 2245 2001 2296 per
2020 2229 2128 2284 modum
2150 2233 2226 2296 primi
2242 2231 2333 2284 donil

344 2325 492 2388 imperandi
509 2325 594 2378 solum
614 2327 651 2376 est
671 2325 774 2376 6666666
790 2325 985 2388 6666666666
1020 2321 1122 2386 pliciter
1148 2323 1253 2376 aliunde
1280 2329 1331 2384 est,
1355 2321 1426 2386 large
1443 2335 1507 2372 vero
1529 2321 1601 2388 quod
1619 2325 1660 2374 est
1694 2317 1746 2370 321
1766 2319 1902 2372 ansino
1916 2319 1984 2372 dono
1997 2321 2124 2382 increato,
2138 2319 2211 2386 6666
2224 2325 2263 2372 666
2276 2319 2335 2386 866-
2408 2367 2410 2372 ,

344 2413 500 2466 dominandi
521 2413 621 2466 bomini
647 2417 675 2464 et
700 2413 813 2466 servitus
840 2413 927 2464 solum
944 2415 984 2462 est
1021 2411 1283 2478 peraequisitionem
1311 2415 1438 2474 nostram,
1458 2409 1504 2462 sed
1527 2421 1577 2462 non
1604 2411 1659 2462 siue
1694 2407 1758 2460 ritus
1784 2415 1902 2472 sanctus,
1920 2407 1998 2460 bomo
2025 2421 2076 2462 non
2096 2413 2178 2472 potest
2203 2409 2259 2460 lieri
2277 2407 2334 2462 Deo

344 2501 492 2554 secundum
508 2505 604 2554 statura
618 2507 726 2552 naturae
738 2501 825 2564 lapsae
845 2500 865 2552 11
883 2499 984 2550 66686
1020 2499 1149 2552 adiutorio
1169 2499 1214 2550 liei
1235 2499 1311 2550 16636
1329 2495 1659 2562 6*-116661666666666
1694 2503 1817 2560 acceptas
1844 2509 1891 2548 nec
1916 2497 2013 2548 assumi
2033 2499 2058 2550 in
2083 2495 2250 2562 adoptionem
2270 2497 2333 2550 illio·

345 2601 502 2658 66,-666
511 2595 552 2642 666
563 2589 587 2640 66
600 2589 659 2640 viro
672 2595 792 2652 respectu
806 2589 892 2640 uxoris
904 2585 940 2642 ib.
955 2583 984 2636 6*
1021 2587 1066 2640 666
1085 2589 1153 2640 [leus
1172 2587 1248 2642 bouis
1265 2593 1293 2640 et
1309 2587 1384 2640 malis
1412 2583 1474 2640 ibid.
1492 2613 1529 2626 -··
1546 2591 1599 2638 tam
1616 2601 1659 2640 na·
1694 2599 1753 2638 rum
1773 2585 1819 2636 Dei
1838 2585 1857 2638 11
1874 2583 1927 2636 636
1945 2599 1962 2638 6
1979 2613 2015 2626 -
2033 2586 2059 2638 16
2078 2587 2154 2638 iustis
2168 2591 2209 2638 est
2231 2585 2334 2638 donum

398 2703 435 2718 -ι
452 2679 562 2730 61666666
579 2677 618 2728 666
636 2680 664 2729 66
692 2677 814 2742 66666666
836 2681 877 2730 est
893 2689 985 2730 secun·
1022 2675 1113 2728 turalia
1132 2689 1212 2742 quam
1227 2679 1336 2742 gratuita
1353 2681 1440 2728 sunta
1454 2675 1506 2730 Deo
1521 2673 1615 2728 111723
1629 2673 1659 2726 6*
1694 2673 1839 2726 increatum
1858 2671 1969 2728 itta-
1980 2675 2092 2740 Spiritus
2110 2679 2216 2726 sanctus
2233 2681 2273 2730 est
2289 2673 2334 2726 do-

345 2763 410 2818 dum
431 2763 561 2818 dictamen
572 2769 681 2816 naturae
693 2765 780 2830 lapsae
794 2763 893 2816 116033
909 2763 985 2816 6*-
1021 2763 1169 2816 -Omnia
1190 2763 1260 2818 bona
1284 2769 1371 2816 nostra
1392 2769 1452 2816 sunt
1472 2765 1539 2818 dona
1559 2763 1658 2816 DeilV
1694 2775 1774 2830 num,
1795 2763 1820 2814 66
1841 2775 1893 2830 666
1913 2763 2062 2814 omniaalia
2084 2763 2153 2814 6666
2174 2763 2334 2818 donanturl

344 2853 449 2922 Aliquid
467 2853 564 2908 dieitur
575 2855 712 2918 proprium
726 2853 766 2906 vei
781 2867 828 2918 per
840 2853 984 2920 principale
1020 2853 1659 2908 76166-1366666666666166666616616666
1695 2851 1746 2902 323
1766 2849 1881 2916 66611
1901 2851 1951 2904 636
1976 2849 2002 2904 6*

345 2941 493 2996 dominium
511 2943 554 2996 vel
578 2955 627 3006 per
652 2943 767 2994 officium
785 2941 984 2994 administrandi
1020 2943 1030 2994 l
1050 2943 1101 2996 327
1121 2943 1137 2994 6.
1157 2941 1227 2994 6-
1247 2943 1292 2996 bei
1319 2943 1415 2994 666666
1438 2955 1498 2996 cum
1526 2957 1613 3008 aequo
1631 2943 1659 2994 li·
1747 2967 1784 2978 --
1796 2953 1873 2992 omne
1892 2939 2027 2994 reducitur
2039 2937 2071 2994 66
2085 2939 2184 2994 donum
2204 2941 2333 3006 primum,

344 3029 450 3084 161376
468 3031 486 3084 b
505 3057 540 3070 -
569 3031 702 3096 Quaedam
731 3037 792 3084 sunt
810 3033 878 3084 male
896 3033 984 3098 acqui·
1020 3031 1139 3084 bramine
1158 3033 1191 3082 111
1210 3031 1257 3084 616
1282 3033 1466 3084 a-maiora
1490 3031 1659 3096 paucioribus
1694 3027 1768 3094 6666
1787 3033 1824 3082 666
1845 3029 1956 3094 Spiritus
1975 3037 2079 3084 sanctus
2097 3031 2106 3082 6
2124 3029 2175 3082 323
2195 3029 2212 3082 i.
2230 3029 2334 3080 3-16

344 3121 405 3186 6666,
427 3133 539 3186 quorum
560 3119 718 3190 transfertur
730 3119 890 3184 dominium;
903 3131 985 3186 quae·
1020 3121 1247 3172 communicantur
1264 3121 1294 3172 111
1314 3119 1346 3170 63
1367 3117 1395 3170 3*
1413 3131 1576 3182 -parvum
1597 3131 1658 3170 cuna
1694 3129 1748 3180 666
1760 3117 1809 3166 alia
1823 3115 1965 3182 donantur,
1978 3117 2040 3168 dicit
2051 3119 2279 3172 concomitantiam
2291 3117 2334 3170 vel

346 3207 419 3270 dam,
440 3219 555 3272 quorum
572 3217 626 3258 non
638 3205 804 3272 transfertur,
824 3211 852 3258 ut
871 3219 919 3272 per
931 3207 984 3256 lur-
1020 3221 1117 3272 magna
1129 3207 1244 3260 bonitate
1263 3207 1404 3258 voluntatis
1418 3207 1478 3270 plus
1496 3207 1564 3258 valet
1576 3219 1657 3272 quam
1694 3203 1871 3256 causalitatem
1889 3201 1923 3258 ib.
1946 3203 1964 3256 6
1986 3231 2021 3240 -
2043 3205 2155 3270 Spiritus
2176 3207 2256 3258 sancti
2282 3219 2332 3258 non

344 3299 400 3348 tum
419 3301 446 3346 et
461 3297 581 3360 rapinam
609 3293 642 3346 111
664 3293 710 3346 376
736 3309 805 3346 6-
822 3307 875 3346 666
898 3297 985 3358 666661
1020 3307 1146 3360 magnum
1167 3307 1227 3348 cum
1247 3307 1326 3360 parva
1348 3291 1487 3346 113366*
1693 3289 1800 3358 dantur,
1820 3291 1868 3344 nisi
1890 3291 1968 3344 detur
1990 3293 2047 3358 ipse
2065 3291 2177 3358 Spiritus
2201 3297 2332 3348 sauctusl

344 3383 476 3436 transferri
497 3385 543 3434 uisi
557 3397 572 3436 a
584 3381 693 3436 domino
705 3381 740 3434 lV
753 3381 804 3434 363
816 3383 831 3434 i.
847 3383 871 3434 6.
886 3381 938 3434 373
955 3381 984 3432 6.
1073 3411 1111 3456 7·
1124 3381 1272 3456 Personaia
1284 3381 1381 3436 divinis
1391 3383 1538 3448 procedens
1548 3397 1595 3448 per
1606 3397 1659 3436 mo-
1694 3379 1746 3432 263
1764 3379 1784 3432 6.
1802 3381 1825 3432 3.
1846 3381 1865 3432 66
1883 3381 1935 3432 636
1957 3379 1986 3432 6*
1997 3407 2034 3420 -
2045 3381 2070 3434 16
2093 3383 2154 3434 novi
2174 3381 2235 3434 doni
2258 3383 2334 3436 eolla-

344 3471 481 3524 6366-
501 3485 588 3526 rerum
609 3485 658 3524 non
689 3471 825 3528 dimittitur·
848 3485 864 3524 6
884 3471 984 3524 clericis
1020 3471 1084 3524 dum
1104 3471 1262 3524 liberalitatis
1275 3471 1369 3524 dicitur
1385 3471 1659 3524 66666616366-
1694 3469 1762 3520 tione
1782 3467 1875 3522 dicitur
1894 3471 1959 3522 mitti
1979 3471 2091 3536 Spiritus
2109 3471 2332 3524 66666612736

343 3561 379 3612 tv
397 3561 479 3612 6126
1020 3559 1115 3612 dicitur
1133 3567 1233 3612 tanturn
1247 3561 1418 3624 personaliter
1436 3559 1461 3610 16
1475 3561 1590 3612 66666661
1607 3561 1656 3612 328
1692 3583 1730 3594 -
1749 3557 1799 3610 Per
1817 3555 1884 3610 dona
1911 3561 2008 3624 6666666
2028 3561 2130 3624 gratum
2152 3561 2267 3612 iacientis
2291 3561 2331 3612 Fi·

396 3675 432 3690 -
451 3655 489 3702 est
508 3651 532 3700 in
553 3649 638 3714 aliqua
661 3651 774 3714 potentia
800 3649 839 3702 vel
860 3651 981 3712 respectu
1019 3645 1047 3702 b.
1066 3651 1118 3702 323
1136 3649 1152 3700 l.
1173 3651 1238 3702 3-
1250 3663 1302 3702 non
1320 3651 1445 3714 importat
1461 3651 1548 3702 solum
1569 3663 1656 3714 respo·
1694 3645 1743 3696 lius
1760 3646 1803 3698 vat
1822 3647 1934 3712 Spiritus
1951 3653 2057 3700 sanctus
2075 3645 2153 3698 datur
2171 3649 2330 3716 simpliciter,

343 3735 439 3788 obiecti
457 3737 499 3788 vel
517 3741 638 3802 respectu
656 3743 731 3790 actus
752 3737 847 3802 proprii
859 3737 879 3788 ll
892 3733 981 3788 6336.
1019 3741 1089 3788 ctum
1118 3737 1148 3790 ad
1175 3747 1334 3802 6666666666,
1355 3737 1400 3790 sed
1413 3735 1500 3806 [etiam
1529 3751 1657 3802 personae
1693 3747 1745 3786 non
1763 3735 1850 3786 solum
1869 3735 1902 3788 ad
1931 3749 2020 3802 usum,
2052 3735 2199 3790 sedetiam
2225 3737 2292 3790 adi
2324 3765 2331 3776 ·

343 3823 982 3876 6336-666666666661661666666666-
1019 3825 1055 3876 66
1073 3827 1310 3890 666666661323
1329 3827 1368 3890 2*,
1387 3823 1423 3878 6*.
1440 3827 1487 3878 336
1511 3825 1550 3878 2*.
1563 3825 1614 3878 686
1628 3825 1656 3878 6*
1692 3829 1762 3876 ctum
1784 3823 1907 3876 12706.
1928 3825 2094 3878 3366611
2115 3811 2168 3876 636
2189 3825 2333 3892 6*-861-

342 3915 453 3966 minium
471 3927 519 3978 per
537 3915 711 3978 privationem
741 3915 826 3966 omnis
844 3913 982 3966 subiectio·
1017 3919 1101 3988 -ut
1127 3915 1189 3966 dicit
1214 3917 1393 3968 auctoritatem
1420 3917 1443 3966 66
1474 3915 1564 3978 dante,
1595 3915 1656 3966 dicit
1692 3911 1755 3964 ritus
1767 3917 1873 3964 sanctus
1885 3915 1993 3978 proprie
2014 3915 2127 3966 donatur
2144 3927 2192 3978 per
2207 3915 2331 3968 innabita-
2360 3947 2361 3950 η

341 4001 416 4054 nisll
438 4001 487 4052 688
508 4017 531 4054 a.
550 4001 649 4055 illesa
668 3999 699 4052 3*
1018 4005 1169 4054 relationem
1193 4001 1336 4056 secundum
1363 4017 1433 4068 esse,
1460 4010 1490 4055 ut
1518 4003 1579 4056 dicit
1607 4005 1656 4056 lar·
1692 3999 1964 4052 6666661113276*

396 4089 510 4142 1166666
532 4115 570 4128 -·
593 4089 654 4142 dicit
682 4089 766 4140 solum
794 4095 943 4154 respectum
970 4091 980 4140 l
1019 4091 1126 4154 gitatem
1151 4095 1179 4142 et
1204 4095 1360 4156 potestatem
1384 4091 1596 4144 communicandi
1621 4091 1656 4144 di·
1744 4113 1781 4126 -·
1806 4089 1917 4152 Spiritus
1940 4095 2046 4144 sauctus
2069 4089 2164 4142 dicitur
2187 4091 2331 4146 substantia

342 4175 468 4228 62766
497 4175 561 4230 Vide
581 4177 610 4228 V.
630 4173 764 4230 1166659
783 4177 977 4230 *Dominum
1018 4179 1053 4230 cit
1070 4179 1221 4232 relationem
1248 4179 1392 4234 secuudum
1420 4179 1527 4232 modum
1553 4179 1655 4234 dicendi
1694 4175 1835 4242 donorum,
1850 4179 1913 4244 6666
1926 4179 2077 4232 excludatur
2096 4179 2195 4230 danum
2216 4187 2330 4234 creatum

342 4263 416 4318 decet
435 4281 449 4316 a
468 4279 517 4318 suo
544 4279 624 4318 servo
641 4265 799 4332 obsequium
824 4259 932 4332 'exigere
950 4265 979 4338 111
1018 4267 1095 4318 6628
1118 4267 1142 4320 d.
1166 4267 1184 4320 6
1204 4295 1241 4308 -
1262 4269 1394 4320 maniieste
1420 4269 1481 4320 dicit
1505 4269 1655 4320 relationem
1692 4263 1797 4332 6666666
1815 4267 1831 4318 11
1853 4267 1903 4318 636
1928 4263 1955 4320 6*
1981 4293 2015 4306 -
2039 4269 2140 4320 Praeter
2169 4267 2267 4320 donum
2297 4269 2332 4320 in·

341 4353 429 4404 8136.
450 4353 513 4404 3-
526 4362 566 4407 666
584 4365 693 4420 nomen,
712 4353 784 4420 quod
803 4357 977 4408 communica·
1017 4355 1129 4420 Spiritus
1146 4359 1228 4410 sancti
1247 4357 1279 4410 ad
1300 4359 1399 4410 Patrem
1425 4363 1449 4410 et
1467 4357 1574 4422 Filium,
1594 4371 1654 4410 cum
1692 4358 1807 4407 creatum
1826 4357 1975 4408 ellectivum
1998 4359 2097 4422 gratiae
2118 4357 2269 4420 ponendum
2293 4365 2331 4410 est

341 4445 384 4494 tur
401 4447 534 4494 creaturae
548 4439 978 4506 66666666666616666666116666
1016 4457 1123 4510 semper
1141 4443 1243 4498 dicatur
1260 4445 1294 4498 ad
1315 4443 1418 4498 dantem
1438 4443 1513 4498 1336
1534 4445 1551 4498 t.
1565 4443 1589 4498 1.
1603 4447 1653 4496 333
1692 4443 1927 4496 donumcreatum
1945 4445 2088 4498 inlormuns
2108 4445 2223 4496 animam
2240 4445 2259 4496 ll
2279 4445 2330 4500 636

340 4527 977 4596 666616661112206*-1)6666666666666666166,
1016 4531 1073 4584 dt
1100 4533 1179 4584 -iu
1199 4533 1294 4584 divinis
1319 4545 1371 4584 non
1395 4533 1521 4584 actionem
1550 4531 1589 4584 vel
1617 4547 1653 4584 re·
1692 4545 1782 4598 asqq.
1801 4559 1835 4572 -
1858 4537 1884 4584 ut
1904 4533 1964 4586 dicit
1978 4533 2169 4584 distinctionem
2180 4533 2326 4586 secundum
2395 4533 2397 4536 ’
2474 4507 2475 4522 ³

341 4631 419 4684 quam
434 4619 545 4670 ostendit
559 4619 583 4670 in
596 4617 703 4684 Angelis
715 4625 805 4672 contra
825 4619 975 4686 daemones,
1016 4621 1137 4674 lationem
1166 4629 1266 4674 tantum
1296 4623 1374 4686 dicit,
1392 4621 1440 4674 666
1458 4623 1652 4686 hypostasiml
1691 4623 1828 4674 essentiam
1848 4623 1914 4674 inter
1935 4621 2040 4674 dantem
2058 4629 2083 4674 66
2105 4621 2208 4686 datum,
2229 4629 2266 4674 est
2286 4623 2331 4674 do-

341 4705 435 4758 dicitur
454 4707 581 4758 Dominus
598 4707 760 4760 exercituum
779 4707 797 4758 11
819 4707 906 4760 2776
1016 4707 1118 4760 3216*
1134 4737 1170 4746 -
1189 4711 1300 4776 Spiritus
1319 4715 1423 4762 sanctus
1442 4709 1571 4774 6666666,
1591 4711 1650 4776 6666
1691 4721 1767 4772 uum,
1792 4709 1863 4776 quod
1882 4707 1943 4762 dicit
1970 4711 2091 4764 ellectum
2118 4711 2143 4760 66
2174 4719 2292 4764 creatura
2320 4713 2330 4764 l

394 4795 476 4848 Daune
495 4823 530 4834 -
548 4793 690 4862 aliquando
709 4795 771 4848 dicit
787 4797 929 4848 terminum
942 4799 977 4849 in·
1016 4797 1115 4850 donum
1135 4799 1143 4850 1
1162 4797 1214 4850 331
1234 4797 1260 4850 6.
1280 4799 1290 4850 6
1405 4791 1406 4794 ’
1691 4797 1743 4848 267
1762 4797 1788 4850 d.
1808 4801 1822 4850 2
1841 4827 1878 4838 -
1894 4805 1981 4850 creata
1999 4799 2136 4864 perficiunt
2155 4803 2180 4850 et
2197 4799 2329 4862 complent

341 4887 441 4936 certum
460 4884 492 4936 lv
512 4883 563 4936 763
584 4883 609 4936 6.
630 4883 645 4936 6
1069 4915 1103 4924 -
1118 4887 1179 4938 dicit
1196 4891 1385 4940 emanationem
1398 4899 1446 4950 per
1464 4887 1572 4940 modum
1591 4887 1653 4940 libe·
1691 4887 1806 4938 animam
1831 4899 1881 4940 nou
1901 4891 2001 4938 tantum
2025 4887 2125 4940 ratione
2149 4887 2205 4952 sui,
2235 4901 2328 4938 verum

395 4973 480 5024 Donuu
503 5001 538 5010 -
561 4979 599 5026 est
619 4971 688 5024 datio
712 4973 870 5028 irreddibilis
896 4977 904 5026 l
926 4975 977 5028 326
1016 4975 1218 5028 6616161661328
1239 4977 1256 5028 l.
1276 4977 1291 5028 2
1311 5003 1342 5014 -·
1366 4977 1476 5040 Spiritus
1496 4979 1575 5030 sancti
1595 4991 1652 5042 pro·
1691 4975 1767 5026 etiarn
1787 4977 1886 5028 ratione
1906 4975 1965 5028 doni
1991 4975 2115 5040 increati,
2133 4987 2148 5026 6
2168 4987 2223 5042 666
2241 4989 2330 5040 proce·

340 5075 396 5128 arg.
414 5061 439 5114 6.
455 5059 507 5138 327
525 5061 540 5112 6.
563 5061 626 5112 1-
639 5061 732 5114 Datum
753 5077 803 5116 nou
818 5063 879 5118 dicit
898 5071 976 5118 totam
1016 5065 1102 5130 prium
1129 5067 1166 5116 est
1185 5065 1328 5130 procedere
1352 5065 1498 5118 secuudum
1524 5067 1651 5134 rationem
1691 5061 1800 5114 666666
1817 5065 1859 5114 eui
1879 5065 1971 5116 uniunt
1990 5063 2007 5114 11
2026 5063 2077 5116 638
2098 5062 2124 5128 6,
2144 5061 2175 5114 6*

339 5153 465 5204 rationem
484 5151 546 5202 doni
567 5151 648 5204 6327
663 5149 702 5218 2*,
717 5149 747 5202 1*
760 5179 793 5190 -
806 5153 879 5206 addit
897 5167 977 5220 super
1015 5151 1077 5204 doni
1095 5153 1138 5206 vel
1152 5151 1281 5206 donabilis
1300 5149 1333 5208 ib.
1347 5153 1374 5206 6.
1394 5153 1445 5206 323
1460 5151 1498 5220 6*,
1519 5151 1557 5220 2*,
1580 5153 1653 5208 3*-
1745 5179 1778 5188 --
1801 5153 1887 5202 omnia
1906 5151 2053 5204 secundum
2071 5153 2248 5204 causalitatem
2267 5153 2326 5204 sim·

338 5241 464 5292 rationem
482 5239 535 5292 dati
554 5239 729 5292 conditionem
749 5241 907 5294 liberalitatis
920 5245 976 5294 sive
1015 5241 1078 5294 Filio
1091 5241 1125 5292 ab
1143 5246 1250 5294 aeterno
1262 5243 1468 5296 communicatur
1484 5243 1651 5310 donabilitas,
1691 5239 1789 5304 pliciter
1808 5235 1905 5292 dantur
1920 5241 2031 5294 utribus
2045 5243 2163 5306 personis
2181 5241 2328 5294 indideren-

338 5325 540 5382 irreddibilitatis
569 5325 600 5382 tt.
629 5343 651 5380 a.
680 5329 730 5382 323
762 5327 789 5382 6*
818 5337 912 5382 -est
944 5329 976 5382 ab
1016 5331 1063 5382 sed
1082 5343 1133 5382 aon
1151 5343 1182 5382 ex
1207 5331 1306 5382 ratione
1329 5331 1501 5382 emanationis
1523 5331 1602 5382 1323
1624 5329 1652 5382 3*
1691 5335 1743 5394 666,
1769 5343 1782 5380 6
1813 5329 1875 5382 66166
1896 5329 2043 5394 etSpiritu
2068 5335 2157 5382 sancto
2182 5331 2327 5384 secundum

338 5427 426 5466 amore
446 5417 558 5480 gratuito
578 5423 601 5468 et
620 5431 635 5468 a
654 5415 806 5470 liberalitate
825 5421 833 5472 1
849 5419 932 5472 3266.
947 5419 972 5484 3,
1015 5445 1049 5456 ·-
1062 5423 1100 5472 est
1112 5419 1260 5484 proprietas
1271 5419 1383 5484 Spiritus
1395 5421 1492 5484 sancti,
1506 5419 1650 5472 secundum
1691 5417 1866 5471 causalitatem
1881 5421 1905 5470 et
1919 5417 2147 5472 subauctoritatem
2167 5419 2177 5470 1
2194 5419 2246 5472 321
2264 5433 2279 5472 6
2294 5447 2328 5460 -

338 5501 361 5554 1.
383 5503 433 5556 326
460 5501 488 5556 1*
509 5535 544 5544 -
565 5505 648 5558 Amor
670 5513 710 5558 est
734 5505 844 5574 donum,
871 5509 898 5558 in
921 5521 975 5574 666
1015 5519 1094 5572 quam
1120 5509 1241 5560 convenit
1260 5509 1282 5560 ei
1309 5507 1485 5572 temporaliter
1509 5507 1651 5572 procedere
1690 5519 1737 5572 per
1758 5519 1865 5558 causam
1891 5507 2092 5572 exemplaritatis
2117 5505 2247 5562 donantur
2271 5509 2328 5560 solo

338 5595 423 5644 omnia
443 5593 492 5646 alia
513 5585 582 5646 dona
600 5593 730 5646 donantur
749 5595 759 5646 1
779 5595 830 5646 637
847 5595 864 5648 6.
887 5599 911 5648 2.
924 5595 975 5648 263
1015 5593 1023 5644 1
1049 5595 1101 5648 322
1127 5609 1197 5646 6-
1217 5595 1329 5660 Spiritus
1352 5599 1458 5646 sanctus
1483 5597 1652 5660 personaliter
1691 5595 1785 5660 Spiritu
1801 5601 1890 5648 sancto
1901 5593 1971 5658 ibid,
1985 5593 2175 5650 1*-11666666
2183 5595 2328 5650 6666666666

339 5679 355 5732 t.
377 5681 486 5732 3-in
507 5689 636 5748 quantum
655 5683 755 5736 donum
775 5697 805 5736 ex
826 5699 915 5738 amore
935 5685 976 5738 da·
1016 5687 1054 5734 est
1073 5683 1188 5748 donum,
1209 5685 1270 5748 quia
1289 5683 1366 5734 datur
1385 5685 1393 5736 l
1412 5677 1464 5736 213
1484 5685 1503 5736 l.
1523 5685 1538 5736 2
1558 5713 1593 5724 -
1614 5691 1652 5740 est
1691 5685 1776 5736 omnia
1797 5685 1866 5736 6666
1884 5685 2088 5748 appropriantur
2106 5685 2210 5750 Spiritui
2239 5667 2327 5736 sancto

338 5775 379 5820 tur
398 5769 407 5820 1
426 5769 435 5820 6
444 5767 477 5820 37
496 5769 513 5822 6.
528 5773 552 5820 2.
567 5769 616 5820 323
632 5769 650 5822 6.
662 5769 677 5820 6
691 5797 726 5810 -
738 5773 885 5836 procedite
899 5773 975 5826 dante
1015 5771 1160 5836 proprietas
1181 5773 1328 5824 distinctiva
1340 5771 1452 5838 Spiritus
1464 5775 1560 5838 sancti,
1574 5783 1652 5838 prout
1691 5769 1722 5826 66.
1745 5773 1772 5826 2*
1784 5799 1821 5812 ·-
1833 5773 1941 5826 Ratione
1959 5775 2016 5826 eius
2034 5773 2106 5842 quod
2120 5775 2232 5826 donatur
2250 5787 2328 5840 quae·

338 5855 514 5922 permodum
533 5859 672 5910 voluntatis
691 5859 700 5910 1
719 5859 806 5912 tlibi.
828 5859 976 5914 a-Crea·
1015 5859 1077 5912 dicit
1101 5871 1253 5926 respectum
1280 5861 1314 5914 ad
1338 5859 1445 5914 dantem
1472 5877 1533 5916 curu
1559 5865 1651 5928 aptitu-
1692 5861 1752 5914 dam
1778 5859 1848 5912 dona
1877 5865 2080 5928 appropriantur
2108 5863 2170 5914 Filio
2198 5861 2205 5912 1
2229 5863 2280 5916 272
2300 5861 2325 5916 6.

338 5945 587 6010 turaepermodutn
599 5943 761 6000 liberalitatis
773 5957 894 6002 emanant
907 5951 975 6002 sicut
1016 5947 1092 6000 666616
1105 5955 1226 6014 respectu
1239 5949 1272 6002 ad
1286 5951 1543 6004 creaturas1330b.
1558 5953 1603 6004 336
1625 5953 1652 6006 l*
1691 5949 1741 6000 326
1761 5945 1790 6002 2*
1808 5949 1944 6006 -Omuis
1963 5951 2094 6006 donorum
2113 5949 2259 6004 distributio
2272 5955 2325 6004 tam

338 6033 462 6088 donatum
481 6031 516 6086 ib.
536 6031 566 6084 6*
1066 6063 1101 6076 -
1114 6039 1225 6102 Spiritus
1238 6049 1343 6092 sanctus
1359 6039 1437 6094 babet
1450 6041 1577 6094 rationem
1589 6041 1651 6094 doni
1691 6039 1787 6102 gratiae
1808 6039 1887 6102 gratis
1904 6039 1980 6092 datae
2000 6053 2079 6108 quam
2099 6041 2197 6104 gratiae
2222 6045 2325 6104 gratum

388 6137 458 6176 -a
485 6123 564 6176 dante
591 6123 711 6188 procedit
732 6125 759 6176 in
787 6129 972 6194 accipientem,
1014 6123 1046 6178 66
1072 6139 1112 6192 66,
1132 6129 1238 6186 'etiamsi
1264 6140 1398 6194 uunquam
1424 6129 1501 6182 detur
1524 6129 1602 6180 1326
1625 6127 1652 6180 l*
1691 6125 1806 6180 iactantis
1829 6127 1977 6184 attribuitur
2003 6129 2109 6193 Spiritui
2133 6127 2344 6180 6666161272-

336 6225 397 6264 cum
416 6211 491 6284 datur
510 6213 520 6264 1
539 6209 591 6264 216
608 6211 627 6264 6.
647 6213 661 6262 3
678 6237 717 6252 ·-
734 6225 840 6278 semper
857 6215 919 6270 dicit
938 6231 975 6270 re·
1015 6213 1066 6266 327
1091 6213 1107 6264 l.
1137 6217 1210 6268 2-
1235 6217 1347 6282 Spiritus
1372 6221 1476 6270 sanctus
1505 6217 1650 6270 secundum
1690 6213 1800 6264 ii-
1820 6231 1898 6270 omne
1923 6215 2002 6270 babet
2019 6217 2152 6280 exemplar
2177 6217 2202 6268 in
2228 6215 2281 6270 lieo
2302 6225 2325 6270 et
2428 6211 2430 6216 ’

336 6305 455 6366 spectum
473 6301 507 6354 ad
533 6299 666 6354 dauteml
691 6297 742 6352 331
769 6301 792 6354 d.
821 6303 831 6354 l
856 6303 975 6356 -dicit
1014 6301 1132 6354 habitum
1150 6309 1174 6356 et
1193 6303 1338 6358 secuudum
1357 6305 1529 6370 aptitudinem
1550 6307 1649 6358 donum
1690 6303 1897 6370 correspondens
1916 6303 2326 6360 sibivelseeundumsevelse·

337 6391 558 6456 comparationem
578 6389 611 6442 ad
632 6389 735 6442 dantem
755 6395 781 6442 et
804 6391 973 6456 recipientem
1015 6391 1107 6444 dicitur
1126 6393 1287 6446 aeternaliter
1305 6393 1314 6444 1
1333 6393 1386 6446 326
1398 6393 1424 6460 6,
1441 6393 1477 6446 2*.
1496 6393 1547 6446 326
1567 6391 1602 6456 3*,
1624 6391 1652 6444 6*
1691 6393 1806 6444 cundum
1825 6407 1908 6460 genus
1928 6393 2025 6448 111766
2046 6393 2075 6446 2*

336 6477 415 6530 1326
433 6493 490 6544 arg.
510 6477 538 6546 3,
557 6477 585 6532 b.
604 6477 656 6530 336
674 6477 814 6532 b-cum
830 6479 897 6532 66666
909 6481 974 6532 6616-
1013 6485 1086 6556 -66
1104 6479 1165 6534 dicit
1184 6489 1334 6546 respectum
1352 6483 1499 6534 6666666666
1517 6483 1652 6536 aetumad
1742 6483 1924 6548 -quoddam
1943 6475 2326 6548 estinanimaa'Spiritusan·

335 6567 444 6632 tionem,
466 6567 588 6632 importat
607 6567 797 6622 distinctionem
817 6573 861 6622 aut
885 6581 974 6622 secuu-
1013 6575 1170 6636 ereaturam,
1190 6585 1221 6624 ex
1246 6575 1362 6636 tempore
1383 6569 1414 6622 66
1441 6571 1536 6634 Spiritu
1562 6573 1650 6622 sancto
1690 6575 1744 6634 cto,
1763 6571 1810 6624 sed
1824 6585 1876 6624 non
1889 6585 1948 6624 cum
1961 6571 2059 6636 Spiritu
2072 6575 2173 6636 sancto,
2189 6569 2325 6638 ,quoddam

336 6653 402 6708 dum
421 6655 532 6708 modum
553 6655 714 6720 intelligendi
731 6657 797 6710 inter
819 6657 924 6710 dantem
944 6663 969 6710 et
1014 6657 1650 6724 616166612336.2.3266-663666666,61
1689 6665 1727 6712 666
1746 6673 1850 6725 semper
1870 6673 1930 6714 cum
1949 6661 2044 6726 Spiritu
2065 6665 2166 6726 sancto,
2191 6657 2324 6724 quoddam

338 6741 439 6808 datum,
453 6749 497 6796 aut
516 6743 662 6798 secundum
674 6745 974 6812 modumessendi,aut
1013 6745 1106 6798 dicitur
1118 6746 1153 6799 ab
1165 6753 1233 6814 actu,
1244 6747 1503 6812 praedicatursolum
1513 6759 1542 6798 ex
1553 6753 1651 6812 tempo·
1689 6753 1727 6800 est
1746 6749 1886 6816 aliquando
1904 6751 1959 6802 slne
1978 6751 2075 6814 Spiritu
2093 6753 2196 6810 sancto,
2214 6745 2250 6798 ad
2267 6745 2325 6800 alle·

335 6831 480 6884 secundum
498 6833 637 6886 essentiam
656 6831 736 6886 1267
757 6833 782 6888 d.
802 6833 818 6886 2
1013 6847 1048 6900 66,
1070 6833 1102 6888 66
1122 6833 1212 6888 babitu
1230 6837 1325 6888 6666666
1336 6833 1370 6886 66
1384 6837 1488 6888 aeterno
1504 6833 1603 6888 61666.
1618 6837 1650 6889 66
1689 6851 1750 6890 nam
1768 6839 1900 6892 utilitatem
1920 6839 1929 6890 l
1948 6839 2000 6890 323
2019 6837 2037 6890 6
2056 6851 2094 6904 66.
2114 6833 2214 6888 111766
2235 6831 2270 6910 6*.
2290 6835 2323 6888 111
2386 6875 2389 6892 ,
