5784 8384
869 753 931 808 GEN
952 753 1007 822 443)
1593 753 1649 822 (47)
2244 757 2308 810 oto

611 843 734 896 114866
755 869 789 882 -
810 843 834 894 16
854 849 947 894 natura
971 843 1042 906 lapsa
1073 855 1122 894 uon
1143 843 1249 894 66446446
1288 841 1382 906 ginalis
1400 843 1510 894 iustitiae
1527 843 1547 894 ll
1567 841 1613 894 481
1637 853 1650 894 6
1670 857 1709 908 sq.
1731 843 1823 906 4846,
1843 843 1926 894 4⁴³-
1962 845 2075 898 46116664
2093 847 2247 898 Sanctorum
2260 843 2396 910 dicuntur,
2417 845 2476 912 quia
2490 859 2520 898 ex
2536 846 2603 898 mul-

611 931 702 986 subest
719 933 808 984 virtuti
828 931 931 982 animali
950 931 1008 990 sive
1019 929 1188 994 imaginariae
1202 943 1250 982 uec
1287 929 1378 980 Virtus
1395 931 1545 994 generativa
1567 945 1635 982 6664
1659 933 1770 984 maxime
1790 933 1869 984 exivit
1886 945 1925 982 ra·
1962 933 1995 984 tis
2013 933 2224 996 generationibus
2244 939 2304 986 sunt
2321 933 2421 984 collecti
2439 933 2446 984 l
2467 933 2519 986 354
2540 933 2564 986 6.
2584 935 2601 986 5

611 1020 727 1074 rationali
747 1017 780 1072 40.
810 1017 828 1070 14
845 1047 880 1056 -
899 1017 925 1068 ln
956 1021 1044 1070 664646
1075 1017 1145 1080 lapsa
1163 1019 1250 1068 virius
1281 1017 1363 1068 66644
1382 1017 1521 1082 1466644664
1541 1023 1566 1068 64
1584 1005 1638 1068 4616
1656 1019 1755 1082 4646646
1780 1031 1810 1070 46
1828 1019 1925 1082 praeci·
2014 1019 2148 1074 Gavrrtvos
2167 1049 2202 1062 -
2221 1033 2325 1084 semper
2345 1023 2467 1084 importat
2486 1021 2601 1088 aliquam

610 1109 762 1174 generativa
788 1107 900 1158 multum
929 1107 1026 1170 pendet
1043 1119 1059 1158 6
1079 1105 1249 1170 dispositione
1287 1105 1350 1168 64464
1373 1105 1406 1162 46Ι
1427 1101 1577 1156 delectabile
1594 1103 1644 1156 sibi
1674 1103 1789 1158 oblatum
1819 1111 1925 1170 propter
1961 1105 2139 1160 habitudinem
2159 1109 2199 1162 461
2213 1107 2359 1162 secuudum
2378 1121 2433 1158 46444
2447 1109 2489 1160 461
2507 1121 2602 1162 secun-

610 1193 1196 1258 4446164441646146414664144614466446,461414
1223 1199 1249 1242 et
1286 1191 1417 1244 delectum
1437 1191 1538 1242 virtutis
1559 1191 1710 1244 retardantis
1731 1193 1747 1242 ll
1768 1191 1813 1244 481
1832 1191 1858 1244 44.
1874 1191 1924 1244 484
1961 1193 2023 1246 dum
2046 1197 2155 1248 modum
2175 1195 2332 1260 intelligendi
2354 1193 2426 1248 1536
2438 1195 2600 1248 65--416-

610 1283 735 1348 temporis
755 1281 787 1334 ib.
806 1295 829 1348 a,
849 1295 889 1350 sq.
909 1311 944 1320 —
962 1281 1077 1348 Qualitas
1102 1281 1185 1344 protis
1203 1291 1249 1342 ge·
1286 1275 1316 1330 4*
1332 1305 1369 1318 ·-··
1386 1279 1411 1330 14
1432 1287 1491 1332 64144
1519 1281 1925 1344 6666466466161614164614464·
1961 1283 2110 1334 nominatur
2127 1281 2162 1336 ab
2184 1281 2336 1336 hebitudine
2360 1285 2493 1350 principii,
2511 1289 2599 1338 tamen

610 1375 678 1424 uitae
698 1361 945 1438 plusconiormatur
963 1371 1126 1436 dispositioni
1145 1367 1248 1420 virtutis
1285 1365 1584 1420 14616446446117151.
1606 1365 1924 1422 414474414-14666
1960 1371 2038 1422 614446
2057 1371 2120 1422 61164
2142 1371 2308 1424 habitudines
2332 1371 2469 1438 importat,
2494 1377 2522 1424 61
2543 1385 2600 1438 664·

611 1463 776 1526 generativae
806 1475 887 1530 quam
917 1459 1079 1524 dispositioni
1107 1455 1248 1508 voluntatis
1285 1455 1924 1520 46144666646166464146664464666444411745
1960 1457 2082 1512 sessionis
2101 1461 2109 1510 l
2128 1457 2181 1510 417
2198 1459 2226 1512 d.
2245 1459 2347 1512 3-46
2367 1459 2463 1512 divinis
2482 1473 2533 1512 noa
2553 1461 2600 1512 im·

610 1547 796 1602 deliberativae
815 1551 833 1602 6
849 1549 903 1600 464
923 1547 952 1598 6*
1040 1583 1045 1590 ,
1285 1539 1303 1592 1.
1324 1539 1332 1590 1
1355 1539 1526 1594 -subiacet
1551 1545 1661 1608 imperio
1682 1543 1819 1596 voluntatis
1843 1557 1924 1612 quau·
1960 1551 2047 1612 portat
2064 1545 2244 1602 habitudinem
2263 1547 2311 1598 uisi
2337 1549 2456 1614 principii
2483 1545 2544 1602 414414.
2561 1575 2599 1588 -

664 1665 699 1676 -
715 1637 821 1702 respicit
848 1635 1032 1698 compositum,
1051 1631 1098 1686 sed
1119 1631 1246 1696 principa·
1285 1635 1339 1682 tum
1360 1629 1392 1680 ad
1412 1635 1499 1682 actum
1518 1631 1536 1682 11
1556 1629 1609 1682 747
1629 1629 1656 1680 4*
1959 1635 2081 1698 importat
2101 1635 2231 1698 originem
2243 1633 2286 1686 rel
2305 1633 2450 1686 subiectum
2467 1635 2475 1686 1
2495 1633 2597 1688 5641*.

610 1725 666 1778 11164
686 1727 782 1778 4614666
808 1725 906 1774 torneae
924 1723 943 1772 lt
964 1721 1014 1772 199
1035 1719 1064 1770 4*
1082 1719 1248 1770 ——fienera-
1337 1745 1373 1756 ··-
1399 1719 1426 1770 16
1452 1731 1531 1784 66646
1561 1719 1662 1772 virtutis
1690 1723 1856 1786 generativae
1883 1725 1923 1774 est
1958 1723 2010 1776 567
2030 1721 2091 1776 (1.7
2110 1721 2599 1788 ·-464664461146141466466646441441·

609 1815 660 1864 tira
688 1811 808 1876 producit
834 1821 941 1862 carnem
964 1809 1248 1872 46466666446661646
1284 1807 1395 1860 inarime
1414 1805 1548 1860 delectatio
1562 1809 1731 1862 immoderata
1751 1809 1769 1860 11
1787 1807 1839 1860 754
1859 1809 1922 1860 b-
1958 1811 2463 1876 ptariadprinoiptumvotaconverso,
2480 1809 2596 1878 461644·

608 1901 628 1952 11
645 1899 698 1950 735
716 1881 742 1950 b'
1284 1893 1310 1946 ln
1324 1895 1473 1958 generativa
1488 1899 1599 1948 marinio
1612 1899 1684 1962 vigor
1695 1911 1788 1950 sensus
1808 1903 1888 1950 tactus
1901 1899 1921 1948 ll
1956 1899 2106 1952 sidentisad
2121 1911 2286 1964 possessum,
2302 1899 2342 1950 rel
2362 1899 2460 1950 tormae
2474 1897 2505 1950 ad
2521 1899 2598 1950 inier-

644 1987 678 2040 43
692 2013 726 2026 -··
739 1985 884 2040 4646641664
896 1983 1244 2050 66446616644416644644,
1284 1983 1334 2034 480
1355 1995 1410 2048 arg.
1430 1985 1454 2036 3.
1478 1983 1530 2036 746
1550 2001 1573 2036 a.
1590 1983 1642 2036 747
1664 1983 1691 2036 4*
1705 2011 1744 2024 -
1762 1985 1789 2034 16
1814 1997 1920 2048 genera·
1956 1993 2067 2050 matum,
2088 1988 2129 2040 vel
2141 1989 2314 2054 specificantis
2333 1985 2366 2038 66
2389 1987 2566 2052 specificatum
2586 1989 2597 2040 l

608 2077 650 2128 vel
669 2079 827 2142 aequivoca,
847 2089 915 2140 quae
934 2081 973 2126 est
989 2073 1139 2124 secuudum
1154 2079 1246 2136 putre·
1283 2073 1334 2122 tiva
1355 2073 1466 2124 maxime
1491 2075 1563 2138 viget
1588 2073 1798 2138 concupiscentia
1822 2073 1841 2124 ll
1867 2071 1919 2124 745
1955 2073 2007 2126 596
2019 2073 2046 2126 d.
2065 2075 2262 2142 b-importat
2282 2073 2459 2130 habitudinem
2473 2079 2598 2130 interma-

608 2165 746 2218 lactionem
764 2165 773 2214 l
792 2161 838 2214 441
863 2163 889 2216 6.
908 2163 924 2212 8
944 2189 979 2202 -
998 2161 1037 2214 hd
1050 2157 1256 2226 generationem
1282 2159 1299 2212 4.
1319 2159 1341 2212 5.
1361 2159 1449 2214 74614
1469 2163 1549 2214 --lu
1568 2169 1626 2214 actu
1639 2163 1806 2226 generativae
1823 2169 1863 2216 641
1880 2163 1919 2214 in·
1955 2163 2047 2226 tionis,
2074 2163 2368 2230 66146646111664,664
2386 2165 2562 2218 correlationis
2586 2169 2596 2218 1

607 2265 654 2316 664
668 2253 986 2318 putrelactionemsullicit
998 2265 1075 2302 causa
1091 2247 1245 2302 universalis
1282 2256 1352 2303 tensa
1373 2249 1506 2304 delectatio
1525 2255 1632 2314 6466164
1643 2251 1746 2304 virtutis
1763 2251 1918 2302 incurvatio·
1954 2251 2005 2302 333
2024 2265 2039 2302 6

608 2343 662 2394 4466
681 2347 774 2406 agente
795 2339 943 2404 particulari
966 2337 1093 2390 consimili
1112 2339 1137 2390 in
1156 2339 1245 2400 specie
1282 2351 1341 2388 neni
1370 2343 1394 2388 64
1422 2337 1612 2390 inclinationem
1631 2337 1648 2388 ll
1671 2337 1714 2388 481
1741 2337 1811 2390 b-
1828 2339 1855 2390 lu
1874 2351 1917 2404 ge·
2005 2365 2043 2378 —
2060 2343 2216 2394 construitur
2235 2343 2259 2394 in
2279 2343 2378 2394 ratione
2399 2345 2531 2412 principii,
2550 2347 2594 2398 vel

607 2437 713 2482 naturae
724 2429 742 2482 11
756 2427 807 2478 415
821 2443 833 2478 6
846 2441 943 2492 -par
956 2427 1181 2492 propagationem
1193 2439 1243 2478 non
1281 2427 1394 2478 uerativa
1417 2427 1569 2490 improbitas
1582 2427 1711 2490 appetitus
1735 2441 1785 2478 non
1808 2433 1845 2478 est
1860 2441 1917 2492 pro·
1954 2427 2132 2480 declarationis
2142 2433 2266 2482 essentiae
2278 2430 2287 2481 1
2300 2431 2309 2480 4
2317 2431 2351 2484 44
2362 2429 2385 2484 d.
2398 2433 2423 2484 a.
2433 2429 2484 2484 446
2496 2433 2521 2484 6.
2534 2435 2548 2484 4
2559 2463 2594 2472 -

608 2517 770 2568 616464446
796 2517 1017 2580 6644644614,6444
1045 2515 1185 2568 adiuvetur
1208 2511 1244 2566 ab
1280 2519 1337 2578 pter
1349 2517 1527 2566 necessitatem
1543 2515 1722 2580 naturae‚sed
1742 2521 1849 2580 propter
1862 2529 1916 2568 cor·
1953 2517 2322 2582 construitursubiectire,vel
2333 2533 2364 2572 cr
2374 2521 2400 2570 vi
2412 2519 2593 2574 declarationis

607 2611 700 2670 agente
717 2605 859 2658 consimilis
881 2603 977 2668 speciei
997 2601 1059 2656 iaia.
1077 2603 1244 2654 -1464414-
1280 2603 1406 2666 ruptionis
1424 2601 1570 2656 foeditatem
1590 2601 1728 2654 117464*
1952 2605 2077 2656 esseutiae
2099 2605 2104 2656 l
2124 2605 2175 2658 374
2195 2605 2221 2658 44.
2241 2607 2292 2658 590
2312 2607 2337 2658 d.
2358 2607 2422 2658 5-
2434 2611 2594 2662 construitur

608 2701 687 2748 tutem
701 2691 920 2760 generativam-bt
933 2705 1029 2758 corpus
1043 2693 1204 2758 organicum,
1217 2697 1242 2742 61
1331 2691 1428 2744 -Vis
1440 2693 1587 2756 generativa
1603 2695 1668 2746 inter
1680 2705 1770 2744 omnes
1782 2693 1916 2746 sensibiles
1952 2693 1978 2744 in
1992 2695 2347 2760 ratione-possessionis,vel
2361 2695 2541 2750 declarationis
2553 2713 2594 2750 es-

607 2783 690 2836 anima
707 2781 845 2834 'sensibilis
871 2781 990 2834 educitur
1008 2781 1042 2834 ‹le
1062 2781 1175 2846 potentia
1196 2795 1244 2844 per
1280 2781 1521 2844 6444464646446616
1535 2785 1608 2832 64164
1619 2781 1707 2834 intecta
1721 2795 1767 2846 per
1778 2789 1913 2846 peccatum
1952 2783 2049 2836 sentiae
2062 2795 2110 2846 per
2123 2783 2231 2836 modum
2250 2783 2361 2848 lormae,
2375 2785 2418 2836 vel
2431 2787 2592 2838 intransitive

606 2871 764 2924 adiutorium
783 2871 902 2934 corporis
921 2870 1038 2922 caelestis
1058 2871 1076 2922 ll
1095 2869 1145 2922 376
1167 2867 1243 2922 4*-·
1279 2869 1403 2934 originale
1431 2869 1449 2922 11
1478 2867 1528 2920 746
1556 2883 1623 2922 6-
1641 2869 1780 2934 corruptio
1807 2877 1915 2922 naturae
1953 2871 2593 2940 66446666644664464661141346.3-146·

605 2973 653 3024 per
673 2959 888 3024 putrelactionem
908 2959 936 3012 64
953 2973 1002 3024 664
1021 2961 1161 3022 potentiam
1181 2961 1243 3012 acti·
1280 2959 1383 3022 respicit
1412 2959 1590 3024 generativam
1618 2961 1740 3012 virtutem
1766 2959 1860 3012 11763
1887 2959 1914 3012 44.
1952 2960 2097 3014 1646646664
2116 2961 2216 3016 lormae
2229 2975 2276 3028 664
2290 2961 2397 3014 modum
2413 2961 2592 3016 declarationis
2619 3007 2620 3012 ,

605 3047 1243 3100 46461616646416164466646466461444444·
1279 3045 1330 3098 764
1350 3045 1379 3098 6*
1397 3047 1604 3098 -666646646
1628 3055 1667 3100 641
1691 3053 1814 3114 corrupte
1833 3055 1859 3100 ei
1877 3049 1916 3098 16·
1953 3061 2004 3100 666
2024 3051 2147 3114 importat
2171 3051 2220 3102 nisi
2238 3063 2298 3102 cum
2324 3051 2433 3102 termino
2459 3051 2590 3102 abstracto

605 3143 656 3188 tam
677 3139 783 3188 actione
795 3149 936 3198 corporum
956 3135 1107 3186 caelestium
1126 3133 1187 3188 40441.
1205 3161 1242 3174 ····
1279 3135 1341 3186 46646
1362 3135 1527 3198 corruptione
1547 3135 1764 3188 41146441175414
1780 3135 1851 3186 -16
1871 3149 1915 3200 po·
1952 3145 1978 3190 et
1996 3151 2044 3202 per
2062 3139 2141 3190 alium
2162 3141 2304 3204 genitivum
2326 3139 2517 3192 determinatol
2537 3139 2589 3190 596

604 3221 1242 3286 66464666464464646416614646664664460666·
1278 3223 1356 3274 166446
1374 3223 1521 3286 generativa
1543 3227 1580 3274 641
1606 3221 1734 3290 quaedam
1759 3223 1861 3274 luntatis
1879 3225 1915 3274 in·
1953 3223 1980 3276 d.
1998 3225 2023 3276 5.
2051 3225 2103 3278 744
2126 3225 2154 3278 6.
2184 3229 2589 3292 4·-466444611641466411146,

605 3315 666 3364 tiam
685 3311 789 3364 luminis
808 3309 840 3360 tv
862 3309 1240 3362 49841.3·-1)4414644614144146
1278 3311 1368 3376 164116,
1386 3323 1453 3376 6666
1480 3311 1590 3362 maxime
1614 3311 1692 3362 466644
1717 3323 1805 3362 466466
1824 3311 1843 3360 11
1862 3309 1914 3364 755
1952 3309 1997 3364 irbi
2016 3319 2075 3366 suut
2089 3313 2205 3380 diversa,
2226 3311 2337 3366 66446444
2354 3321 2394 3366 641
2414 3315 2534 3368 identitas
2555 3315 2590 3366 lV

604 3403 716 3452 maxime
742 3413 789 3464 per
811 3400 933 3450 virtutem
957 3399 1176 3462 supercaelestem
1194 3411 1242 3462 ge·
1279 3399 1305 3450 d.
1323 3399 1339 3450 4
1360 3423 1394 3436 -··
1413 3399 1515 3450 16464116
1535 3405 1572 3450 644
1590 3399 1701 3450 46646646
1721 3399 1746 3450 46
1766 3399 1791 3450 44
1808 3413 1914 3462 genera·
1954 3399 2002 3454 194
2022 3399 2051 3452 7*

604 3495 726 3542 nerantur
744 3487 776 3540 144
797 3488 901 3540 40501.
923 3485 937 3538 4
959 3485 1125 3554 4144446646
1144 3483 1174 3540 5.
1279 3487 1330 3538 tiva
1351 3485 1438 3540 11756
1458 3485 1485 3540 6.
1504 3487 1518 3538 3
1538 3513 1574 3526 ·-·
1593 3485 1731 3552 tior-ruptio
1754 3489 1863 3540 sentitur
1887 3489 1913 3538 in
2004 3489 2138 3542 64444444
2158 3519 2192 3530 ·-
2213 3489 2327 3556 ungebat
2345 3491 2403 3544 oleo
2426 3491 2544 3546 iniirnros
2561 3499 2589 3546 64

656 3605 690 3616 -
708 3575 858 3644 Quaedam,
877 3591 945 3642 quae
964 3577 1241 3642 liabentorganizatio·
1278 3581 1335 3628 actu
1356 3577 1521 3640 generativae
1541 3577 1642 3628 virtutis
1661 3581 1686 3628 61
1707 3575 1793 3628 464116
1817 3575 1914 3628 residet
1951 3577 2242 3630 464666166414596
2263 3579 2354 3642 argi

603 3679 662 3718 nem
681 3664 877 3730 incompletam,
903 3665 1083 3730 producuntur
1109 3681 1122 3716 a
1148 3673 1239 3716 natura
1279 3665 1454 3730 principaliter
1473 3663 1556 3718 11750
1574 3663 1605 3716 6*
1622 3693 1658 3704 -
1676 3667 1702 3716 16
1716 3667 1741 3716 vi
1762 3665 1912 3730 generativa
2003 3667 2124 3720 Garrnrs
2139 3679 2235 3720 -non
2255 3665 2431 3732 intelligebant
2451 3669 2534 3720 146664
2549 3683 2587 3722 se·

602 3769 648 3822 per
669 3757 895 3820 putrelactionem;
916 3769 984 3822 quae
1002 3767 1065 3806 vero
1085 3753 1182 3806 habent
1200 3767 1240 3804 or·
1276 3753 1349 3826 viget
1367 3755 1512 3820 464466446,
1534 3755 1593 3822 quia
1613 3753 1782 3808 delectatione
1806 3761 1831 3806 et
1850 3767 1913 3806 con·
1950 3753 2066 3808 46666444
2088 3753 2245 3808 nubilitatem
2265 3753 2380 3806 divinam
2403 3757 2463 3810 154
2483 3755 2511 3806 1*

602 3845 789 3910 ganinationem
810 3833 965 3906 completam
985 3855 1037 3894 non
1058 3843 1239 3906 producuntur
1276 3843 1530 3906 cupiscanriapotest
1542 3841 1689 3894 deordinari
1703 3843 1801 3896 ratione
1819 3855 1912 3894 sensus
2002 3843 2133 3894 Ganos-
2150 3843 2247 3896 Nomen
2268 3845 2370 3908 generis
2390 3845 2588 3910 impropriedi·

601 3933 648 3986 6444
670 3933 789 3998 pervim
817 3933 983 3984 tormativam
1002 3933 1152 3996 intluentern
1177 3943 1238 3982 curn
1275 3931 1387 3982 adiuncti
1407 3929 1496 3982 11745
1516 3929 1554 3984 4*.
1571 3929 1623 3982 740
1643 3945 1659 3982 a
1679 3927 1783 3984 6444116
1804 3931 1833 3982 V.
1852 3929 1912 3984 Car·
1947 3933 2014 3984 citur
2033 3933 2056 3982 iu
2076 3931 2179 3996 6441644,
2200 3933 2260 4000 46446
2282 3931 2350 3984 14664
2366 3933 2392 3984 46
2406 3933 2475 3984 66116
2489 3949 2586 3998 genere

602 4023 732 4074 decisione
749 4021 856 4072 seminis
881 4021 915 4072 iv
935 4021 986 4072 843
1007 4017 1035 4070 4*
1052 4047 1088 4058 -·
1112 4021 1237 4072 4461646146
1274 4017 1363 4084 ruptio
1382 4019 1408 4070 ei
1429 4017 1457 4070 V.
1478 4017 1602 4072 Foeditua
1948 4021 2013 4072 esti
2036 4017 2086 4070 475
2105 4019 2130 4070 6.
2153 4017 2175 4072 4.
2196 4019 2245 4072 400
2267 4017 2295 4070 4*
2324 4017 2387 4074 Vide
2408 4019 2438 4074 V.
2456 4021 2529 4076 64414
2546 4019 2586 4076 44

600 4111 712 4176 66416416
732 4123 782 4162 non
803 4113 961 4172 generantur
981 4109 1027 4158 uisi
1044 4121 1091 4172 per
1109 4121 1238 4174 propaga·
1325 4133 1362 4146 -
1380 4107 1407 4158 ln
1427 4111 1484 4158 actu
1503 4107 1670 4172 generatirae
1687 4111 1728 4158 est
1748 4107 1911 4158 deordinatio
1948 4135 1984 4146 -·
2003 4107 2160 4160 644464116164
2180 4109 2235 4162 Deo
2253 4113 2379 4174 quantum
2406 4109 2439 4162 ad
2459 4113 2585 4164 rationem

600 4199 695 4250 tionem
721 4213 751 4252 64
778 4197 855 4248 simili
888 4199 914 4248 in
941 4197 1042 4264 specie,
1067 4197 1128 4262 quia
1155 4197 1237 4248 virtus
1272 4197 1307 4248 144
1324 4193 1376 4248 744
1397 4195 1415 4248 h
1433 4221 1471 4234 —
1490 4197 1514 4246 tn
1535 4201 1593 4248 actu
1612 4195 1754 4260 generandi
1778 4199 1816 4248 est
1836 4195 1911 4248 deor·
1948 4197 2117 4260 simplicitatis
2136 4203 2161 4250 61
2178 4197 2425 4260 incorruptibilitatis
2444 4199 2463 4248 ll
2483 4197 2566 4252 4446

599 4287 754 4354 productiva
771 4301 865 4340 eorum
889 4287 981 4338 maiori
1007 4287 1107 4350 indiget
1130 4287 1237 4338 actuali·
1273 4283 1369 4336 dinatio
1382 4289 1489 4350 propter
1506 4285 1677 4336 intensionem
1697 4283 1872 4336 delectationis
1885 4289 1911 4336 et
2000 4313 2034 4322 -·-
2052 4285 2225 4338 masculinum
2238 4283 2300 4338 dicit
2312 4285 2585 4352 discretionem‚neu·

598 4383 661 4444 tate,
689 4377 879 4442 imperiectiora
908 4389 972 4428 vero
1001 4381 1159 4440 generantur
1187 4387 1236 4440 per
1272 4371 1468 4438 absorptionem
1487 4387 1549 4426 usus
1567 4373 1674 4424 rationis
1695 4373 1715 4426 ll
1736 4371 1782 4426 481
1805 4371 1908 4438 1.4,3
1948 4377 2016 4424 44664
2035 4371 2331 4428 466164466646111465
2351 4373 2375 4426 d.
2397 4377 2467 4428 3-
2484 4389 2586 4428 mascu-

497 4447 498 4450 Ἴ
597 4467 827 4532 putrelactionem‚
849 4463 904 4516 sola
922 4465 1019 4518 virtute
1046 4463 1235 4516 elementorum
1272 4461 1429 4514 -166646
1453 4461 1626 4526 generationis
1651 4463 1781 4514 humanae
1804 4473 1910 4524 semper
1946 4461 2584 4530 linumimportatquandamdistinctionem,ideo

598 4551 781 4620 etcorporum
809 4553 959 4606 caelestium
986 4553 1005 4604 11
1035 4551 1086 4604 415
1106 4567 1128 4604 6.
1149 4551 1233 4604 3756
1271 4557 1309 4602 641
1327 4551 1460 4614 corruptio
1480 4551 1586 4614 vitiosa,
1607 4551 1780 4614 icresemper
1798 4549 1909 4602 detecta·
1946 4551 2585 4620 respicitpersonam‚sedneutrumpropteria·

597 4671 632 4684 ·-
650 4645 723 4710 Quae
743 4649 901 4708 generantur
921 4655 968 4706 per
983 4641 1196 4706 putrefactionem
1211 4645 1236 4694 et
1271 4641 1306 4690 tio
1324 4637 1494 4692 immoderata
1514 4645 1539 4692 64
1556 4639 1707 4704 trementer
1723 4639 1800 4692 etiam
1818 4639 1908 4692 uolun-
1946 4639 2136 4692 distinctionem
2149 4641 2253 4706 respicii
2264 4641 2469 4692 naturamll87
2483 4641 2583 4694 d.l-

596 4735 807 4788 commixtionem
832 4731 980 4794 specierum
1004 4743 1056 4782 aaa
1076 4731 1235 4782 constituunt
1271 4731 1308 4780 tas
1326 4727 1446 4792 improba
1469 4727 1553 4782 11755
1571 4743 1596 4780 6.
1613 4727 1665 4782 756
1685 4729 1713 4780 d.
1731 4725 1794 4780 4·-
1808 4729 1906 4780 166416
1946 4731 2066 4780 neutrum
2087 4731 2209 4794 importat
2225 4727 2297 4794 quod
2318 4729 2379 4782 dicit
2397 4727 2447 4782 sub
2466 4731 2583 4782 indistin-

596 4823 745 4888 simpliciter
764 4833 847 4872 novas
866 4821 965 4884 species
984 4819 1002 4870 11
1022 4817 1073 4870 387
1093 4815 1121 4870 5*
1270 4817 1435 4882 generativae
1454 4823 1492 4870 est
1512 4819 1596 4870 maior
1613 4817 1791 4870 erubescentia
1817 4815 1907 4868 11745
1945 4817 2041 4882 411666,
2064 4817 2373 4882 646446116646464664164
2390 4817 2582 4872 distinctionem

631 4911 665 4962 44
684 4939 720 4948 -
738 4909 1233 4962 146666446414644466644464664446·
1269 4905 1287 4956 4.
1305 4905 1320 4956 4
1340 4931 1374 4948 -·.·
1397 4905 1453 4956 cius
1480 4911 1553 4958 actus
1581 4905 1679 4970 indiget
1707 4905 1849 4970 medicina,
1878 4911 1908 4958 ut
1944 4911 1969 4956 et
1987 4905 2154 4970 suppositum
2172 4912 2274 4958 certum
2295 4905 2304 4956 1
2325 4903 2375 4956 144
2395 4921 2408 4956 4
2428 4921 2583 4974 sip—ma·

596 5001 684 5054 taralis
703 5001 722 5052 ll
741 4995 793 5050 739
813 4995 831 5048 b
850 5023 884 5036 -
903 4997 928 5048 tn
947 4997 1053 5048 bomine
1072 5009 1123 5046 non
1136 4997 1233 5048 eslim·
1269 4991 1424 5058 6644146641
1443 4995 1498 5046 4466
1519 4997 1624 5058 6644646
1644 4991 1678 5046 ab.
1699 4995 1714 5046 i.
1735 4995 1749 5046 3
1943 4992 2072 5046 sentinam
2093 4993 2154 5046 64444
2171 4995 2298 5046 rationem
2319 4993 2487 5060 producentis
2509 4993 2541 5048 40.
2563 4995 2581 5048 b

594 5089 733 5154 6644661164
756 5099 837 5152 quant
866 5085 891 5136 in
920 5083 1003 5136 brutis
1032 5085 1119 5136 11743
1140 5085 1170 5136 5*
1197 5111 1233 5122 ····
1320 5109 1356 5120 -·-
1374 5079 1514 5148 Corruptio
1527 5083 1551 5134 ia
1571 5085 1598 5134 vi
1611 5085 1761 5146 generativa
1777 5085 1815 5134 est
1829 5095 1905 5134 66646
1942 5109 1978 5122 -
1995 5083 2135 5136 Terminus
2159 5085 2262 5146 generis
2289 5051 2424 5134 masculini
2453 5085 2502 5136 4461
2530 5097 2580 5146 646

595 5181 707 5230 bumana
728 5175 863 5228 ordinatur
875 5173 909 5226 ad
927 5173 1126 5238 productionem
1141 5187 1232 5238 corpo·
1269 5169 1465 5224 transfundendi
1484 5155 1637 5236 originalem
1652 5171 1755 5236 culpam
1774 5169 1859 5222 11763
1878 5169 1905 5222 14.
1943 5185 2052 5238 persona
2073 5175 2097 5222 in
2118 5173 2245 5240 partitivis
2259 5171 2375 5224 terminis
2394 5173 2403 5222 l
2423 5171 2473 5222 400
2492 5183 2548 5236 arg.
2564 5171 2580 5224 4

595 5267 629 5318 ris
658 5271 756 5318 tantum
788 5264 804 5315 ll
830 5261 880 5314 453
912 5261 946 5328 il,
977 5259 1059 5312 5³⁵-
1076 5263 1231 5316 Generatlva
1268 5257 1319 5310 704
1339 5273 1353 5310 6
1371 5287 1408 5298 -
1430 5259 1581 5312 Secundum
1606 5259 1737 5310 carnalem
1763 5259 1905 5322 generatio·
1941 5287 1976 5300 -
1995 5259 2165 5312 masculinum
2196 5259 2258 5310 dicit
2279 5271 2432 5322 personam,
2456 5269 2589 5312 nctttrum

594 5361 718 5420 operatur
737 5367 820 5420 641646
848 5351 881 5402 66
911 5351 1065 5404 inlrrsiunem
1086 5353 1188 5402 animae
1214 5353 1231 5404 tl
1268 5361 1327 5398 uem
1339 5349 1608 5412 etconcupiscentiam
1622 5349 1773 5400 seminalem
1787 5347 1812 5398 01
1826 5351 1906 5400 14644·
1941 5345 2580 5402 6616466414056.9.1114656.3-·646·

593 5443 645 5496 735
665 5441 690 5494 b.
709 5441 760 5496 744
786 5457 798 5490 6
818 5467 855 5478 -
872 5440 898 5491 ln
925 5441 1093 5504 generatione
1118 5441 1231 5492 hominis
1251 5435 1334 5494 ,144416
1353 5437 1485 5502 originalis
1503 5439 1601 5500 peccati
1620 5437 1648 5488 111
1668 5437 1701 5488 83
1721 5433 1786 5488 b-
1799 5437 1846 5488 Per
1858 5449 1904 5500 ge·
1941 5435 2069 5492 sculinum
2084 5439 2107 5486 in
2121 5437 2178 5486 viro
2192 5439 2229 5488 est
2243 5439 2271 5486 ut
2282 5433 2430 5500 6146644146,
2450 5435 2579 5500 46166466

593 5543 644 5584 666
673 5529 827 5596 64666444444
852 5529 936 5580 664466
966 5529 1087 5580 sensitiva
1113 5543 1126 5580 a
1154 5541 1230 5594 gene·
1268 5525 1903 5592 664666666446466664616666446646644466·
1941 5533 1968 5580 64
1985 5525 2082 5578 modus
2099 5523 2259 5590 intelligendi
2277 5523 2361 5574 solum
2383 5523 2389 5572 l
2410 5523 2460 5574 163
2480 5523 2541 5576 di

592 5619 766 5672 4664611741
792 5617 867 5684 1446.
889 5645 923 5654 -·
941 5619 1062 5670 Generari
1083 5617 1229 5672 64616466
1266 5615 1314 5666 tiae
1343 5617 1408 5668 inest
1435 5613 1501 5678 proli
1531 5615 1737 5678 concupiscentia
1768 5619 1902 5666 61646664
1992 5613 2139 5666 6464164644
2157 5613 2268 5664 -eius
2286 5611 2432 5664 subiectum
2457 5613 2576 5676 triplexl

592 5715 644 5760 toto
664 5709 777 5770 bomine,
797 5709 856 5772 quia
869 5707 976 5758 intentio
989 5711 1097 5758 naturae
1110 5709 1228 5758 terrnina·
1267 5703 1432 5766 poenalitates
1460 5703 1487 5754 111
1517 5701 1707 5754 33414-144
1734 5703 1902 5766 generatione
1938 5701 2218 5766 7646-84466446
2238 5699 2272 5754 de
2289 5699 2363 5752 lineis
2383 5705 2420 5752 est
2440 5715 2502 5766 6644
2515 5715 2577 5766 geo·

487 5847 489 5852 .
589 5793 1227 5860 164666646646466416644441166446144466,11464
1265 5789 1345 5854 646114
1363 5791 1496 5856 corruptio
1519 5793 1823 5856 nou-sequiturratioue
1841 5803 1914 5842 con-1
1939 5791 2057 5854 metriae,
2079 5787 2112 5840 de
2132 5791 2196 5842 linea
2221 5787 2316 5842 visuali
2343 5795 2382 5842 cst
2405 5789 2427 5840 ei
2454 5787 2578 5842 subalter-

590 5889 675 5938 auima
695 5889 798 5936 creetur
823 5883 853 5934 111
874 5881 924 5932 188
948 5879 976 5932 4*
994 5907 1032 5930 -·,
1049 5881 1227 5934 Determinare
1265 5877 1602 5944 iunctionisnaturalis,sed
1614 5881 1713 5930 ratione
1725 5881 1901 5944 corruptionis
1922 5883 1995 5932 nata
2015 5879 2071 5932 141
2096 5877 2125 5930 4*

590 6067 702 6126 sophum
721 6059 865 6114 naturalem
886 6057 975 6112 11747
995 6057 1011 6108 4.
1034 6059 1042 6108 1
1264 6055 1428 6120 generatione
1442 6055 1523 6120 prolis
1533 6057 1641 6108 intectae
1654 6056 1752 6108 malum
1766 6069 1816 6106 uon
1829 6069 1900 6120 prae·
1937 6057 2151 6122 compositionem
2171 6057 2179 6108 l
2201 6055 2252 6108 334
2266 6053 2289 6106 6.
2306 6055 2321 6104 4
2335 6081 2369 6092 -
2382 6053 2423 6106 vel
2443 6053 2503 6108 dicit
2516 6069 2588 6106 con·¹

624 6153 659 6204 45
675 6179 712 6192 ·-
729 6151 842 6204 146644644
854 6163 885 6200 644
899 6147 1002 6200 14664466
1016 6135 1224 6200 16444614641616
1264 6143 1391 6208 66466461
1403 6141 1473 6194 14666
1485 6141 1545 6196 itia.
1559 6145 1635 6194 -ln
1649 6141 1834 6208 generantibus
1847 6155 1899 6196 non
1936 6147 2092 6198 4664646646
2113 6145 2154 6198 rel
2168 6141 2394 6198 concomitantiam
2405 6141 2455 6198 ,461
2466 6157 2574 6220 causam

588 6243 748 6294 innocentiae
768 6239 786 6290 11
815 6237 864 6288 478
895 6251 965 6290 a·-
983 6237 1063 6300 prolis
1092 6237 1180 6290 luisset
1199 6237 1224 6288 in
1262 6231 1369 6286 estutta
1391 6231 1466 6294 66166
1484 6231 1520 6282 614
1538 6231 1703 6284 461641446664
1721 6231 1801 6294 prolis
1820 6229 1884 6284 itia.
1936 6231 2144 6288 tardasset
2444 6297 2446 6302 Ι
2561 6281 2562 6286 ,

588 6329 702 6396 4614144464
721 6323 903 6380 coniunctione
921 6327 939 6378 li
961 6325 1011 6378 484
1031 6339 1044 6378 6
1063 6351 1098 6366 -
1117 6327 1164 6378 Vis
1182 6337 1230 6390 gea
1298 6319 1899 6394 47-46444166144,64661646666464186446·
1988 6323 2112 6374 Garamas
2131 6349 2164 6360 -
2187 6321 2238 6372 nati
2263 6321 2367 6372 luerunt
2393 6333 2445 6384 ope
2470 6319 2574 6378 daemo-

588 6421 701 6474 nerativa
715 6415 744 6486 'in
765 6423 832 6468 statu
851 6417 1013 6468 innocentiae
1027 6422 1225 6468 446464461464·
1263 6415 1377 6462 mentum
1408 6409 1518 6472 ordinis,
1547 6417 1573 6460 64
1602 6407 1758 6474 4646646144,
1790 6417 1899 6474 6466464
1937 6423 1999 6462 6664
2020 6409 2051 6462 tv
2073 6411 2124 6462 935
2144 6409 2169 6462 6.
2192 6409 2202 6460 1
2226 6441 2227 6444 =

587 6515 662 6570 rupta
687 6521 735 6558 nec
763 6507 855 6558 inlecta
882 6505 899 6558 ll
928 6501 1018 6554 4836
1043 6531 1079 6542 -··
1103 6505 1124 6554 si
1145 6507 1224 6554 homo
1262 6513 1341 6568 quam
1369 6503 1408 6550 est
1435 6497 1632 6550 Sacramentum
1661 6497 1835 6564 matrimonii,
1859 6507 1899 6554 est
1988 6499 2094 6550 6444444
2113 6525 2146 6536 ·-
2165 6495 2239 6564 Aqua
2268 6495 2442 6548 condensatur
2468 6495 2494 6546 in
2521 6495 2582 6558 gla-¹

587 6591 796 6658 stetisset,'esset
815 6595 870 6644 sine
890 6591 996 6644 libidine
1023 6597 1047 6642 61
1061 6591 1224 6642 Ι14664161641
1262 6589 1407 6642 necessaria
1433 6585 1581 6652 Ecclesiae,
1611 6585 1657 6636 sed
1686 6585 1770 6650 prima
1798 6597 1837 6642 est
1865 6589 1899 6642 de
1935 6587 2001 6640 ciem
2021 6601 2052 6638 ex
2070 6587 2166 6650 frigore
2188 6581 2316 6638 1141744

587 6681 636 6736 478
656 6681 684 6734 4*
703 6711 739 6722 -·
757 6681 847 6732 1644464
873 6693 933 6732 6646
962 6675 1095 6732 6466446446
1115 6679 1223 6732 6616616·
1261 6676 1397 6744 6446416614
1424 6675 1722 6738 intenebrescente
1750 6689 1792 6728 ex¹¹
1808 6691 1899 6730 conse-
1988 6671 2376 6726 6446464-164646416444444
2395 6685 2474 6738 quam
2501 6673 2573 6736 spiri·

586 6773 663 6838 14666,
678 6785 730 6824 6644
743 6775 839 6836 quanta
858 6775 897 6822 esi
915 6781 984 6820 6664
1004 6767 1022 6820 11
1041 6765 1088 6818 481
1112 6783 1125 6818 6
1147 6781 1194 6834 sq.
1262 6765 1401 6834 66661444*
1420 6763 1530 6816 5964
1559 6759 1620 6816 Vide
1646 6761 1673 6814 V.
1692 6763 1861 6832 degeneratio
1936 6763 2010 6816 166144
2027 6763 2211 6818 641646164464
2231 6759 2264 6810 141
2282 6759 2334 6810 814
2354 6759 2409 6812 rit

620 6861 803 6912 45-444164
816 6857 964 6922 generativa
979 6857 1003 6906 tn
1019 6863 1085 6908 41616
1103 6857 1223 6908 4666466·
1297 6867 1349 6894 ‘—
1367 6853 1545 6906 Generationis
1558 6853 1688 6906 successio
1708 6851 1898 6918 debetproce·
1962 6879 1963 6884 κ
1988 6853 2081 6904 Graan
2098 6879 2134 6890 -
2151 6849 2199 6902 Dei
2213 6851 2256 6902 esi
2274 6845 2333 6898 linis
2351 6849 2518 6912 principalior
2531 6861 2582 6900 46·ΙΙ

585 6947 633 6996 666
653 6953 707 7000 6461
720 6945 945 6998 subiectarationi
960 6959 1008 7010 per
1026 6945 1159 6996 vinculum
1173 6945 1233 6996 ori.
1261 6943 1337 7010 dere,
1356 6957 1407 6994 non
1427 6939 1590 6996 retrocedere
1610 6939 1644 6994 144
1658 6941 1710 6994 850
1728 6955 1796 6992 az-
1816 6941 1898 6994 Gene·
1935 6951 1994 6992 rum
2013 6939 2214 7018 conditarumll
2235 6933 2268 6988 44
2286 6933 2304 6988 h
2326 6933 2388 6990 Vide
2403 6935 2432 6988 V.
2444 6935 2517 6990 ,146444
2529 6933 2572 6990 59
