5792 8392
371 581 436 646 960
1205 575 1320 644 1310811
1341 575 1533 644 SECUNDUS

634 665 691 720 PEC
712 665 768 734 (18)
1358 663 1413 732 (18)
1976 661 2033 716 PEC
2054 661 2110 728 (itt)

368 757 470 808 3313333
479 755 570 818 lapsus
586 755 615 806 111
631 755 663 806 93
676 753 706 806 3*
717 783 752 794 -
767 767 901 820 utinquam
914 753 950 806 ita
961 767 1015 808 cor·
1050 755 1197 818 deordinat,
1214 753 1383 818 semetipsam
1411 753 1531 804 incurvat
1556 755 1581 804 31
1604 755 1692 816 privat
1727 767 1806 806 33333
1826 753 1957 806 3311133333
1976 761 2003 806 31
2019 753 2165 806 3333333333
2185 753 2300 816 31133133,
2318 751 2370 804 sed·

370 845 471 908 rumpit
488 849 606 896 naturam
628 845 794 908 rationalem,
824 845 887 910 quin
911 845 945 896 sit
968 857 1016 896 no·
1051 837 1692 912 13330133133813333331183313-33333333-
1727 839 1842 908 quodam
1864 841 2117 908 modovolunluria,
2135 841 2161 890 in
2182 845 2308 906 quantum
2329 841 2367 890 in·

369 929 447 982 bilior
467 945 545 998 quam
566 931 720 984 iuauonalis
738 929 888 984 1113099*
906 957 941 972 -
967 931 1015 984 033
1050 931 1150 994 rumpit
1166 929 1328 981 habilitatem
1343 929 1400 980 sire
1418 925 1637 980 ordinabilitatem
1655 929 1689 980 ad
1727 929 1804 980 313333
1823 931 1982 986 voluntatem
2003 929 2064 986 ittd.
2083 959 2119 968 —
2144 941 2197 980 non
2223 933 2262 980 esi
2286 941 2365 980 causa

321 1013 323 1016 ’
369 1025 510 1084 peccatum
531 1017 672 1070 substantia
693 1021 836 1086 spiritualis
854 1035 906 1072 non
925 1021 954 1072 tit
977 1021 1014 1070 in·
1049 1017 1182 1082 gratiaml
1198 1013 1627 1082 8368.7--33133313313111131313
1638 1029 1691 1068 me·
1727 1019 1827 1082 peceati
1844 1019 1968 1086 elllciens,
1988 1019 2032 1072 sed
2054 1019 2178 1072 delicians
2195 1013 2256 1070 illd.

369 1107 450 1160 serior
469 1109 599 1172 corporali
617 1107 653 1160 lv
671 1109 723 1160 936
743 1107 774 1160 3*
791 1139 827 1148 -
844 1109 948 1174 033333
971 1121 1015 1160 no·
1049 1105 1120 1158 diam
1141 1107 1206 1158 inter
1223 1103 1326 1158 bonum
1343 1105 1443 1170 gratiae
1468 1109 1494 1156 et
1522 1103 1623 1156 bonum
1647 1117 1691 1156 na·
1778 1131 1815 1142 ·-
1834 1105 1974 1160 Prdnitates
1995 1122 2041 1174 per
2061 1121 2129 1160 nova
2148 1113 2255 1172 peccata
2283 1105 2368 1158 inten-

369 1193 528 1248 billssimum
546 1203 588 1248 est
604 1197 712 1252 inferius
724 1199 815 1250 intimo
829 1199 918 1262 spiritu
933 1209 1015 1262 quan·
1050 1193 1231 1246 1333311893
1253 1189 1336 1244 6*-
1359 1193 1507 1256 corrumpit
1529 1193 1689 1244 habilitatem
1725 1191 1825 1244 833133
1841 1191 1878 1244 lV
1895 1193 1948 1244 686
1966 1193 1995 1244 d.
2015 1197 2023 1244 l
2042 1197 2156 1248 -Dum
2171 1197 2252 1248 homo
2263 1199 2369 1258 peccat,

370 1289 543 1350 tumbamque
563 1291 702 1350 peccatore
722 1285 754 1340 lV
777 1285 843 1336 1093
862 1283 957 1348 arga
1049 1281 1086 1334 ad
1106 1281 1302 1346 rectitudinem,
1327 1281 1470 1334 3333331333
1497 1295 1578 1348 quam
1601 1283 1689 1334 anima
1725 1279 1813 1344 magis
1830 1279 1942 1334 efficitur
1961 1295 2063 1344 pronus
2089 1283 2125 1336 ad
2147 1283 2248 1336 mulum
2272 1281 2367 1334 saltem

423 1377 516 1424 —est
534 1373 661 1428 damnum
673 1373 822 1428 secuudum
842 1371 1012 1424 amissionem
1049 1377 1090 1424 est
1106 1369 1241 1422 variabilis
1262 1367 1691 1436 33.3*-1*3133333,8333333-
1725 1369 1852 1418 intensive
1871 1373 1896 1420 31
1914 1367 1948 1420 38
1967 1367 2074 1436 aliquod
2093 1373 2193 1436 peccati
2219 1383 2304 1436 genus
2322 1369 2367 1422 de·

371 1463 544 1526 gratuitorum
570 1473 597 1518 et
617 1463 827 1516 vulnerationem
854 1457 1012 1510 naturalium
1049 1465 1093 1512 cat
1110 1459 1260 1526 actualiter,
1280 1457 1392 1510 efficitur
1409 1457 1530 1512 inhabilis
1541 1459 1689 1514 secundum
1726 1455 1894 1508 terminatum
1922 1455 2012 1508 11776
2030 1457 2091 1508 (1.3
2120 1487 2154 1498 -
2186 1463 2232 1514 Per
2260 1471 2368 1512 conver·

371 1551 427 1604 sive
446 1549 685 1604 debabllitationem
707 1549 738 1602 111
767 1547 818 1598 396
845 1543 873 1598 3*
899 1573 934 1586 -·
961 1547 1014 1598 Pri·
1050 1549 1176 1600 rationem
1198 1547 1327 1600 moventis
1349 1553 1374 1598 ct
1394 1547 1538 1600 secundum
1563 1551 1690 1602 rationem
1726 1547 1815 1596 aiones
1832 1543 1865 1596 ad
1885 1543 1989 1598 diversa
2014 1545 2081 1598 bona
2107 1547 2303 1600 commutabilia
2328 1547 2370 1600 di-

370 1639 441 1692 vatio
461 1637 542 1702 modi,
560 1639 659 1704 speciei
676 1643 702 1688 ot
725 1635 825 1688 ordinis
853 1647 950 1700 magna
974 1641 1014 1688 est
1049 1637 1112 1688 moti
1136 1637 1152 1688 ll
1170 1637 1223 1688 896
1241 1635 1260 1688 13
1727 1645 1821 1686 versae
1838 1633 2364 1700 33333133133361333333333333133333,

370 1727 501 1780 inanima
524 1725 699 1778 damniticatio
726 1723 850 1778 et'laesio
873 1723 893 1774 ll
917 1721 969 1774 838
994 1721 1013 1774 13
1104 1723 1692 1790 -corrumpitbabilltatemvoluntatiselon·
1727 1733 1776 1786 333
1793 1733 1861 1786 quae
1882 1721 2030 1788 obligamur
2049 1723 2082 1776 38
2102 1723 2207 1776 diversa
2219 1735 2367 1788 poenarum

369 1813 645 1868 -113333331313331
672 1815 823 1878 impurum,
847 1811 951 1864 aversio
977 1813 1013 1862 in·
1050 1811 1141 1876 gando
1159 1815 1243 1878 ipsam
1265 1827 1278 1864 3
1298 1813 1689 1878 33313138133118333.8363,
1726 1809 2367 1874 311331131311180013-03333131333811133333

371 1901 486 1966 firmum,
506 1901 660 1966 exspoliatio
678 1901 830 1954 mendicum
852 1901 870 1952 ll
900 1897 954 1952 613
977 1927 1014 1940 ··-
1051 1899 1081 1952 l*
1098 1901 1233 1968 -Culpa
1253 1901 1347 1956 minuit
1369 1901 1527 1956 habilitatem
1553 1901 1690 1956 reddendo
1726 1901 1833 1964 3333313
1850 1899 1992 1952 formaliter
2012 1901 2133 1954 dilierunt
2150 1901 2169 1954 ll
2189 1901 2235 1954 971
2259 1901 2299 1952 h,

371 1991 523 2044 Secundum
543 1991 670 2044 rationem
689 1991 835 2044 aversionis
853 1995 877 2042 et
903 2003 1014 2042 convcr-
1050 1991 1164 2042 animam
1184 1991 1273 2042 minus
1290 1989 1413 2044 idoneam
1436 1991 1470 2044 ad
1495 1991 1690 2054 suscipiendam
1779 2013 1816 2024 —
1835 1987 1960 2054 Spiritus,
1987 1989 2133 2042 secundum
2158 1991 2231 2058 quod
2257 1989 2367 2042 carnalis

371 2081 450 2134 sionis
470 2081 595 2144 competit
622 2087 731 2144 3333333
758 2081 824 2130 33313
851 2079 1013 2144 privationis,
1051 2081 1161 2144 gratiam
1181 2085 1208 2132 et
1231 2081 1264 2132 ad
1289 2079 1484 2144 cooperandum
1515 2081 1611 2144 gratias
1638 2081 1689 2130 iam
1727 2081 1779 2140 331,
1802 2075 1888 2140 magis
1907 2075 2241 2142 inclinaturadpeccalum
2264 2079 2367 2132 carnale

370 2169 515 2222 iniectionis
534 2173 558 2222 et
576 2169 742 2234 obligationis
761 2167 795 2220 lV
812 2165 906 2220 3968.
925 2165 940 2216 3
1050 2173 1188 2232 susceptae
1203 2167 1218 2218 ll
1232 2167 1284 2220 833
1297 2167 1316 2220 b
1329 2193 1362 2206 -
1376 2171 1490 2220 animam
1504 2165 1590 2220 reddit
1602 2169 1691 2218 minus
1727 2163 1745 2216 ll
1766 2163 1818 2216 603
1837 2159 1866 2214 6*

426 2285 459 2294 -
480 2259 568 2310 133313
584 2259 681 2324 peceati
702 2257 878 2322 principaliter
899 2255 1014 2308 consistit
1051 2255 1164 2310 habilem
1175 2255 1209 2308 ad
1222 2259 1414 2320 susceptionem
1424 2257 1530 2308 divinae
1542 2255 1691 2310 inllueutiae
1781 2277 1818 2290 ·-
1835 2255 1859 2306 13
1885 2255 1953 2306 331333
1979 2267 2031 2306 una
2061 2257 2161 2320 3333333
2192 2255 2306 2320 disponit
2333 2255 2366 2308 ad

371 2345 614 2400 138333813313333
637 2345 779 2400 voluntatis
806 2345 824 2396 ll
853 2345 906 2396 987
932 2343 951 2396 b
978 2371 1015 2384 -
1050 2343 1086 2396 ad
1104 2345 1240 2398 obtentum
1258 2343 1422 2410 persuationis
1442 2353 1467 2398 et
1484 2345 1653 2398 beatitudinis
1670 2345 1690 2398 ll
1727 2341 1821 2408 aliam,
1840 2343 1962 2408 quamvis
1979 2343 2007 2394 in
2025 2343 2064 2396 333
2084 2355 2134 2396 3133
2156 2345 2190 2396 333
2216 2349 2283 2396 tanta
2309 2357 2369 2396 con·

372 2435 509 2488 Peccatum
530 2447 701 2498 corrumpere
722 2449 750 2486 333
772 2439 845 2498 33333
863 2435 958 2500 333333,
976 2439 1014 2486 333
1052 2433 1143 2486 sain
1170 2461 1206 2470 -
1229 2433 1311 2498 Culpa
1337 2435 1477 2498 opponitur
1501 2435 1626 2488 habilitati
1657 2435 1690 2486 ad
1728 2429 1803 2482 nexio
1823 2431 1932 2484 3133113
1953 2429 2093 2486 virtutibus
2112 2433 2131 2484 ll
2150 2431 2369 2486 9966*-Ρ33-

372 2521 952 2590 33333318333118933*--3333331333
974 2537 1015 2588 ge·
1052 2519 1152 2576 bonum
1172 2536 1224 2576 non
1243 2521 1390 2576 secundum
1409 2523 1435 2576 id
1458 2525 1530 2590 quod
1553 2529 1606 2588 est,
1637 2525 1692 2576 sive
1728 2531 1791 2570 cans
1809 2531 1862 2572 11110
1883 2533 1977 2584 3311333
1998 2521 2097 2584 peccati
2117 2527 2231 2574 meretur
2254 2521 2368 2574 incidere

374 2615 505 2666 nerativae
520 2627 570 2666 non
586 2615 648 2666 dicit
661 2615 856 2678 corruptionem
872 2615 900 2664 in
920 2615 1015 2666 virtute
1052 2617 1131 2678 prout
1156 2611 1282 2666 tundatur
1299 2613 1325 2662 in
1346 2619 1452 2678 natura,
1479 2613 1527 2666 338
1544 2613 1691 2666 secundum
1728 2609 1755 2660 in
1775 2607 1845 2660 allud
1864 2621 1950 2672 genus
1967 2609 2067 2674 peccati
2085 2609 2102 2662 ll
2123 2609 2172 2662 663
2194 2613 2211 2664 3.
2230 2611 2245 2662 3
2265 2637 2300 2648 -
2319 2611 2370 2662 lla-

374 2703 526 2768 generativa
539 2701 685 2756 secundum
705 2717 747 2770 se,
768 2701 814 2754 sed
835 2705 904 2756 circa
922 2705 1015 2756 volun·
1053 2699 1133 2754 idad
1160 2701 1232 2768 quod
1257 2705 1310 2768 331,
1339 2701 1364 2754 38
1389 2705 1441 2768 331,
1462 2707 1539 2768 prout
1557 2701 1692 2756 ordinatur
1730 2699 1798 2750 tione
1827 2699 1971 2750 aversionis
2003 2699 2137 2766 quodlibet
2164 2705 2302 2764 333333333
2330 2705 2369 2756 331

373 2795 450 2864 tatem
472 2793 624 2846 rationalem
644 2801 671 2848 et
688 2807 829 2860 personam
850 2793 867 2844 ll
886 2791 938 2846 783
960 2791 988 2844 6*
1053 2791 1089 2844 38
1107 2793 1220 2858 gratiam
1239 2791 1257 2844 ll
1279 2789 1331 2844 833
1349 2789 1376 2842 b.
1391 2791 1441 2844 836
1463 2789 1489 2844 3*
1509 2819 1542 2830 -
1561 2805 1611 2844 333
1636 2805 1690 2846 cor·
1729 2799 1807 2840 causa
1828 2785 1966 2840 cuiuslibet
1983 2789 2002 2840 ll
2023 2787 2075 2840 867
2095 2789 2119 2840 8.
2142 2789 2151 2840 l
2169 2789 2255 2842 -lie
2273 2801 2369 2840 conna-

426 2909 461 2920 -
480 2885 564 2948 magis
583 2885 689 2948 33333311
708 2885 912 2936 voluntutcmet
929 2883 1015 2948 magis
1052 2883 1154 2946 rumpit
1166 2895 1214 2934 nec
1227 2881 1320 2932 minuit
1334 2877 1492 2932 habilitatem
1512 2889 1640 2948 quantum
1659 2881 1693 2932 ad
1729 2873 2045 2944 333333333133390.

374 2969 471 3022 directe
490 2973 631 3036 opponitur
652 2971 759 3024 bonitati
779 2971 921 3022 3033133313
933 2983 1014 3038 quarn
1052 2969 1080 3020 id
1105 2969 1176 3037 quod
1206 2975 1259 3036 est,
1289 2969 1337 3020 scd
1357 2969 1538 3022 deordinando
1556 2969 1591 3024 ab
1608 2985 1641 3022 eo
1659 2969 1692 3022 ad
1782 2993 1818 3004 -
1837 2963 1965 3032 quaedam
1984 2969 2011 3018 in
2030 2967 2156 3032 Spiritum
2183 2971 2303 3022 sanctum
2329 2981 2369 3020 re-

372 3061 474 3112 33331313
493 3061 650 3124 cognitionis
670 3061 687 3112 ll
709 3059 753 3110 llll
782 3057 808 3110 3*
826 3059 941 3110 -Plus
961 3071 1015 3110 cor·
1052 3059 1125 3124 quod
1145 3063 1182 3110 est
1202 3057 1329 3110 1183313
1349 3071 1389 3122 sq.
1730 3053 1844 3118 spiciunt
1862 3061 2000 3118 peccalum
2015 3053 2215 3118 praeambulum
2228 3057 2303 3122 quasi
2315 3071 2369 3108 ma-

372 3149 503 3212 rumpitur
530 3161 575 3212 per
597 3151 733 3212 peccalum
751 3147 861 3198 31333333
878 3159 960 3212 quum
980 3149 1014 3196 in·
1106 3159 1205 3198 -non
1220 3146 1419 3210 puteslomnino
1432 3147 1522 3198 tollere
1535 3145 1692 3200 habilitatem
1730 3143 1821 3194 teriam
1842 3143 1909 3194 circe
1928 3153 2010 3208 quam
2028 3147 2052 3194 el
2072 3143 2149 3194 etiam
2166 3145 2233 3196 33333
2253 3157 2368 3208 causam,

375 3234 491 3286 tellectus
510 3233 528 3286 ll
548 3235 600 3286 916
620 3233 646 3286 8.
668 3223 699 3286 1.
718 3235 750 3286 lV
777 3231 846 3284 1039
866 3231 895 3284 3*
913 3261 948 3272 -
968 3233 1014 3284 Per
1052 3231 1383 3286 331331311333133333311
1398 3233 1448 3284 833
1463 3247 1530 3302 asq.
1545 3231 1641 3288 8366*
1657 3261 1693 3272 -
1730 3227 1860 3296 quaedam
1882 3243 1932 3282 non
1954 3233 2095 3296 respiciunt
2112 3233 2283 3284 determinate
2312 3245 2369 3296 333·

374 3323 477 3376 8333333
491 3329 598 3388 3333313
612 3323 759 3376 8333813331
779 3321 873 3374 habent
892 3323 1014 3374 diversae
1052 3321 1176 3374 Habilitas
1194 3335 1301 3386 semper
1319 3329 1405 3386 potest
1424 3323 1612 3390 diminui‚sed
1631 3337 1694 3376 nun·
1730 3323 1818 3372 catum
1838 3317 1926 3370 111186
1947 3333 1970 3386 a,
1999 3317 2078 3372 b·-
2103 3321 2129 3372 ln
2158 3327 2264 3386 3333313
2292 3319 2369 3374 valde

373 3415 502 3478 potentiae
532 3413 633 3466 3313333
659 3413 676 3464 ll
704 3411 847 3464 969133-
871 3413 1014 3464 unumde·
1053 3407 1693 3478 33333131131836871183313-333333
1732 3407 1823 3472 gralia
1842 3407 1885 3458 vix
1905 3415 1948 3460 aut
1969 3421 2103 3476 nunquam
2122 3409 2216 3476 aliquis
2230 3409 2307 3474 33811,
2321 3411 2369 3462 nisi

374 3501 468 3555 lormat
488 3505 567 3554 lutam
587 3503 731 3566 imaginem
752 3499 882 3566 privando
903 3513 962 3554 earn
982 3502 1017 3553 lu·
1054 3499 1165 3552 totaliter
1183 3501 1270 3564 privat
1290 3501 1415 3566 gratiam,
1436 3515 1487 3554 non
1510 3507 1598 3554 tamen
1615 3503 1695 3574 131311-
1733 3509 1806 3548 meus
1825 3497 1881 3548 eius
1895 3497 1971 3550 luerit
1983 3497 2094 3562 peralia
2107 3503 2213 3562 3333333
2227 3497 2368 3562 depravata

375 3591 444 3644 mine
470 3591 576 3656 gratiae,
603 3589 648 3644 338
678 3603 730 3642 non
755 3587 936 3644 deordinando
964 3591 1017 3644 sin·
1054 3593 1095 3640 ter
1112 3589 1176 3640 tollit
1194 3587 1355 3642 habilitatem
1373 3589 1409 3640 ad
1427 3591 1553 3656 gratiam,
1571 3603 1641 3656 quae
1660 3589 1695 3664 di·
1731 3583 1801 3638 133
1820 3613 1855 3624 -
1874 3599 1942 3652 quae
1962 3587 2122 3640 3333333133
2142 3587 2370 3652 spiritualescon-

374 3680 495 3746 3313333]
520 3683 695 3744 potentiarum
722 3675 1016 3732 333331118013*-
1053 3689 1191 3730 versorum
1207 3679 1695 3744 generumpeccalismagiselminus
1731 3677 1832 3738 sistunt,
1846 3677 1872 3728 31
1887 3677 2031 3740 plurimum
2048 3677 2097 3728 alia
2117 3683 2223 3742 peccata
2240 3689 2369 3742 praesup-

375 3781 427 3824 333
446 3769 574 3822 deformat
601 3769 743 3834 aequaliter
760 3779 854 3820 onmes
872 3767 1013 3834 potentias,
1053 3767 1173 3830 privatur
1190 3767 1221 3818 lll
1240 3767 1292 3820 898
1311 3765 1338 3818 8.
1358 3767 1372 3818 9
1392 3795 1428 3806 -
1445 3767 1592 3822 Perunum
1611 3783 1695 3834 genus
1731 3769 1833 3829 ponunt
1859 3769 1983 3830 tanquam
2012 3767 2154 3818 materialia
2180 3767 2201 3818 ll
2230 3763 2281 3818 336
2304 3765 2368 3818 13.

378 3857 425 3908 338
443 3857 589 3910 secundum
611 3857 670 3922 plus
689 3861 713 3908 33
734 3857 819 3910 minus
839 3857 858 3908 ll
876 3857 928 3908 839
947 3855 978 3908 3*
1054 3851 1695 3918 33333113313333333138333813313·3113133131-
1731 3851 1819 3906 98613
1837 3881 1872 3892 -
1892 3855 1960 3908 circa
1978 3859 2051 3908 actus
2070 3857 2220 3920 corporales
2237 3857 2370 3918 existentia

429 3975 462 3988 ι·-
483 3947 576 3998 8333133
596 3945 720 4014 tenebra,
742 3947 765 3996 in
788 3947 1015 4012 quantumprivat
1053 3941 1103 3994 lior
1115 3943 1226 3994 efficitur
1238 3955 1317 4010 qnam
1331 3955 1379 4006 per
1392 3941 1464 3994 aliud
1482 3939 1694 4010 t'bt'd.-Quan·
1732 3955 1784 3994 non
1799 3947 2017 4010 praesupponunt
2036 3943 2085 3996 alia
2103 3951 2227 4010 tanquam
2253 3945 2370 3996 materia·

375 4037 531 4088 3313313333
552 4039 649 4102 gratiae
671 4037 701 4088 111
722 4035 771 4088 396
793 4033 818 4086 8.
839 4035 855 4086 3
872 4061 909 4074 -
930 4039 1015 4088 33133·
1040 4019 1516 4098 133133333333333333333,381333
1536 4031 1693 4086 habilitatem
1732 4031 1764 4084 lla
1784 4031 1801 4082 ll
1821 4031 1872 4084 985
1887 4031 1953 4082 b-
1967 4031 2187 4100 Quotiescumque
2201 4036 2369 4098 peccalorum

375 4123 453 4178 nebia
479 4123 654 4190 intelligibilis,
680 4127 704 4176 in
733 4129 860 4192 quantum
884 4125 1014 4188 privata
1054 4117 1694 4172 333336333133333831183933-333381-
1732 4133 1828 4186 genera
1850 4125 1911 4172 sunt
1928 4119 2041 4186 diversa,
2059 4121 2183 4184 possibile
2204 4129 2239 4174 est
2262 4133 2370 4186 3333333

374 4213 474 4268 3133333
494 4209 563 4266 lucis
577 4219 696 4266 aeternae
717 4211 807 4264 11839
826 4225 841 4262 3
1053 4209 1087 4262 313
1110 4209 1290 4262 omnimodam
1318 4207 1380 4262 boni
1400 4211 1588 4276 privationem,
1613 4211 1694 4262 immo
1732 4213 1841 4274 peccato
1853 4221 1907 4260 uno
1919 4205 2020 4274 absque
2039 4207 2090 4262 alio
2110 4211 2126 4262 ll
2148 4209 2198 4262 983
2213 4209 2370 4262 ta-l'o

428 4329 462 4342 -·
481 4301 820 4366 obtenebratintelleclum‚
839 4307 920 4366 prout
932 4307 1015 4354 exten·
1054 4297 1176 4364 relinquit
1202 4295 1375 4362 aptitudinem
1401 4299 1421 4350 ll
1442 4295 1495 4350 799
1520 4313 1536 4350 3
1556 4325 1592 4338 -
1611 4299 1693 4350 Homo
1732 4297 1815 4350 luntas
1827 4295 1909 4348 libera
1922 4297 2274 4362 propriadeordinutionese
2285 4305 2370 4364 potest

375 4389 444 4442 ditur
462 4389 498 4442 ad
516 4391 638 4442 ellectum
658 4391 699 4442 vel
719 4403 788 4456 opus
807 4391 1015 4456 313333333333-
1054 4399 1103 4450 per
1121 4391 1258 4452 peccatum
1281 4385 1395 4450 perdidit
1418 4385 1599 4440 rectitudinem
1617 4391 1642 4438 et
1662 4387 1694 4440 si·
1732 4389 1755 4442 in
1770 4385 1906 4452 quodlibet
1917 4391 2053 4452 peccatum
2066 4389 2238 4454 praecipitare
2252 4387 2272 4442 ll
2284 4385 2368 4454 3863,

376 4483 432 4532 tum
450 4479 485 4532 38
504 4483 589 4530 actum
611 4491 694 4544 purae
712 4477 897 4544 speculationis
911 4477 943 4530 111
965 4477 1014 4530 396
1055 4475 1242 4538 militudinem,
1261 4473 1308 4526 sed
1330 4487 1382 4526 non
1405 4473 1576 4538 aptitudinem
1604 4481 1627 4528 el
1652 4489 1695 4542 ap·
1732 4475 1829 4526 ballii
1850 4473 1877 4526 3*

376 4565 399 4620 d.
421 4567 436 4618 3
454 4595 492 4606 --
509 4565 638 4620 3313333313
656 4567 793 4632 iudicium,
807 4567 879 4634 quod
897 4571 938 4620 est
956 4579 1017 4620 con·
1055 4565 1164 4628 petitum
1183 4565 1344 4616 rectitudinis
1362 4563 1378 4616 ll
1398 4561 1451 4616 613
1787 4589 1821 4602 -
1841 4571 1878 4616 333
1898 4577 1976 4616 33333
2000 4565 2133 4620 3333333313
2162 4565 2344 4620 obdurationis
2362 4557 2380 4618 l'

376 4655 742 4710 333333333313333611191
765 4653 795 4706 3*
812 4683 848 4694 -
870 4657 1016 4708 incurvatio
1109 4679 1143 4692 -·
1163 4655 1231 4706 Dum
1250 4655 1329 4704 borno
1350 4657 1454 4718 peccat,
1481 4655 1563 4706 113333
1589 4655 1695 4708 33133833
1735 4651 1782 4706 791
1805 4649 1835 4702 9*
2285 4697 2286 4700 ,

376 4743 408 4796 38
429 4751 565 4812 3333313133
593 4750 680 4810 polest
705 4747 809 4820 auterre
830 4745 939 4798 omnino
957 4757 1017 4798 sen·
1055 4745 1080 4794 et
1099 4757 1130 4796 ex
1148 4743 1199 4794 1333
1218 4741 1328 4796 elicitur
1348 4739 1472 4808 indignus
1490 4747 1515 4796 et
1534 4745 1637 4808 ineptus
1662 4741 1711 4796 ad
1769 4741 1802 4794 39
1819 4767 1858 4780 -
1874 4741 1971 4796 Beatus
1988 4747 2028 4796 331
2045 4741 2169 4808 obligatio
2195 4745 2229 4798 ad
2257 4757 2370 4808 poenum

376 4823 435 4886 sum
453 4835 561 4886 rationis
581 4835 617 4886 ad
636 4841 755 4904 tempus,
773 4833 822 4886 sed
845 4847 896 4886 nou
917 4835 1016 4898 simpli·
1056 4829 1252 4896 suscipiendam
1271 4831 1381 4896 gratiam
1403 4831 1461 4898 liei,
1490 4835 1515 4884 et
1538 4845 1637 4898 pronus
1663 4831 1695 4884 38
1733 4829 1832 4884 111303
1854 4827 1890 4882 li.
1921 4829 2110 4884 111677133-
2137 4841 2226 4888 manet
2243 4841 2370 4900 quantum

377 4925 440 4976 citer
457 4925 477 4976 ll
497 4923 548 4976 913
568 4919 595 4976 9*
1057 4921 1155 4974 malum
1176 4907 1309 4988 redditur,
1329 4925 1356 4972 et
1368 4921 1392 4972 in
1407 4921 1457 4974 hoc
1470 4923 1573 4986 ineptus
1586 4921 1696 4976 30133133
1733 4917 1888 4986 adrentum,
1910 4921 2007 4972 ratione
2028 4921 2103 4974 cuius
2116 4921 2204 4974 divina
2220 4923 2314 4976 iustitia
2330 4923 2373 4976 ba·

431 5041 462 5050 -
482 5013 529 5066 Per
550 5017 687 5078 peccatum
705 5025 780 5066 mens
800 5019 837 5066 est
857 5011 1016 5080 obnubilata,
1057 5009 1452 5074 383333333333333311833
1478 5009 1496 5062 b
1523 5037 1560 5050 -
1583 5011 1631 5064 Per
1657 5025 1696 5064 se·
1733 5009 1778 5062 het
1796 5021 1845 5060 nos
1862 5009 1956 5072 punire
1975 5009 2001 5062 lll
2023 5009 2073 5062 303
2088 5011 2259 5066 a-lleatus
2273 5023 2372 5076 poenae

376 5105 399 5154 et
419 5103 501 5156 lromo
519 5103 602 5156 133133
622 5107 659 5156 331
680 5101 809 5156 3333331113
826 5107 852 5154 31
867 5103 975 5156 33333133
989 5103 1016 5156 111
1057 5099 1219 5164 parationem
1240 5099 1327 5152 31133
1347 5099 1565 5156 33333333333331,
1586 5099 1697 5152 81113331-
1734 5101 1854 5150 33333333
1871 5097 2078 5162 inseparabiliter
2098 5099 2222 5154 adhaeret
2234 5099 2326 5164 331333
2338 5099 2372 5156 111

377 5191 429 5242 890
443 5207 454 5244 3
469 5217 505 5228 -
518 5191 567 5244 Per
578 5197 715 5258 peccalum
729 5193 811 5244 133333
820 5189 897 5244 babet
911 5191 1018 5244 interius
1057 5191 1136 5240 tatem
1154 5187 1188 5240 ad
1207 5185 1309 5240 bonum
1328 5195 1355 5240 et
1373 5189 1527 5252 pronitatem
1548 5187 1580 5240 ad
1598 5189 1696 5240 malum
1734 5183 1787 5240 363
1803 5201 1817 5238 a
1838 5213 1873 5226 -··
1891 5187 2013 5240 Peccator
2033 5189 2147 5254 331333,
2162 5189 2372 5254 333833333333,

376 5281 463 5334 lumen
483 5279 648 5334 obfuscatum
662 5287 689 5334 el
701 5293 845 5334 conversus
862 5285 900 5332 est
913 5279 947 5334 ad
959 5293 1019 5334 sen·
1057 5275 1089 5328 111
1112 5275 1161 5328 333
1183 5277 1207 5330 8.
1229 5275 1299 5330 3-
1316 5275 1349 5328 38
1370 5279 1467 5330 malum
1487 5277 1591 5330 inclinat
1610 5279 1695 5330 33333
1734 5279 1773 5330 331
1792 5273 1893 5330 83133333
1914 5287 2013 5340 333333
2033 5273 2066 5330 ab.
2087 5277 2148 5330 39.
2168 5275 2255 5330 36613
2276 5303 2309 5314 -
2330 5277 2373 5330 vi·

376 5367 805 5430 3163113331113333331111963*
821 5397 858 5408 -
877 5369 954 5436 primi
976 5371 1019 5422 bo·
1056 5363 1350 5420 bonodehabilitath
1374 5365 1427 5418 319
1452 5381 1467 5418 3
1496 5393 1530 5404 -
1555 5365 1696 5420 avertendo
1736 5365 1800 5420 tium
1818 5363 1878 5416 13331
1897 5367 2010 5416 actorem
2032 5363 2142 5430 dignum
2168 5377 2253 5430 poena
2279 5365 2296 5416 ll
2321 5365 2371 5418 313

377 5459 456 5512 minis
467 5457 624 5510 obscuravit
641 5459 786 5522 speculum,
804 5471 849 5522 per
863 5459 936 5526 quod
948 5459 1020 5512 vide·
1058 5453 1145 5506 aDeo
1163 5453 1419 5520 elongatabonoel
1436 5455 1696 5520 allicitimpotentem
1734 5449 1955 5506 13-31313333
1974 5457 2090 5506 meretur
2108 5453 2307 5520 poenaml830
2327 5453 2372 5508 i.3

378 5551 420 5598 tur·
440 5549 510 5600 Deus
525 5547 545 5598 ll
561 5547 751 5600 5453-ng
768 5549 903 5612 peccatum
925 5549 1020 5600 1313ῃί.
1058 5541 1090 5594 ad
1110 5543 1284 5596 resistendum
1306 5543 1412 5598 13331011
1432 5543 1484 5594 857
1504 5543 1530 5594 d.
1559 5545 1565 5594 1
1588 5571 1624 5582 -
1650 5543 1698 5594 Pel*
1735 5567 1768 5582 -·
1797 5541 1880 5594 Ηο1110
1906 5555 1953 5606 pel*
1978 5543 2216 5606 009006180011113131
2242 5541 2373 5608 obligatur

377 5647 436 5688 mae
463 5635 615 5688 obscuratio
642 5649 692 5700 per
717 5639 886 5688 amissionem
914 5637 1020 5690 luminis
1058 5631 1128 5684 idem
1147 5639 1286 5698 peccatum
1300 5631 1467 5696 obliquamur
1481 5635 1506 5682 33
1517 5643 1611 5684 sumus
1623 5631 1697 5696 proni
1735 5641 1835 5696 paenae
1855 5629 1882 5682 lll
1902 5627 1951 5682 963
1974 5627 2001 5682 3*
2019 5631 2196 5686 -Peccator
2216 5633 2311 5696 diguus
2336 5635 2374 5686 est

379 5723 397 5774 ll
416 5721 467 5774 899
487 5721 507 5774 13
524 5747 561 5760 -
577 5727 637 5774 3331
655 5723 730 5786 quasi
753 5721 835 5776 nubes
847 5723 1020 5778 densissimae
1058 5717 1091 5772 38
1112 5729 1251 5786 peccalum
1270 5717 1371 5770 111738
1393 5717 1423 5768 3*
1442 5743 1477 5758 -
1496 5721 1543 5770 Per
1560 5725 1697 5784 peccatum
1736 5731 1828 5786 poena,
1857 5719 1918 5786 quia
1945 5719 1991 5774 liei
2012 5719 2156 5786 imaginem
2184 5721 2313 5774 delormat
2341 5721 2373 5774 111

377 5803 532 5864 auferentes
553 5807 630 5862 nobis
655 5809 853 5864 illustrationem
884 5813 983 5876 gratiae
1011 5813 1019 5864 l
1059 5807 1171 5860 liberum
1190 5807 1327 5862 arbitrium
1353 5807 1381 5860 lit
1404 5807 1439 5860 ad
1463 5807 1564 5860 malum
1583 5821 1697 5872 pronum
1736 5807 1823 5860 3691.
1844 5807 1876 5860 3

377 5897 424 5950 791
450 5897 477 5952 8*
1058 5895 1091 5950 111
1106 5895 1157 5948 396
1171 5909 1226 5962 arg.
1241 5897 1306 5948 5-
1318 5893 1425 5960 ligando
1438 5895 1548 5960 impedit
1560 5897 1593 5948 lv
1608 5897 1659 5948 379
1671 5897 1699 5950 1*
1788 5925 1822 5936 -
1841 5897 1959 5950 11383333
1979 5899 2077 5964 3333313
2097 5911 2148 5952 333
2169 5897 2246 5952 831331
2264 5911 2322 5952 3333
2340 5897 2373 5952 ad

429 6015 466 6028 -
483 5987 578 6042 dicitur
601 5987 738 6040 infirmitas
766 5991 791 6040 et
819 5991 950 6054 vetustas,
976 5989 1019 6040 vel
1111 6011 1147 6024 -
1177 5983 1305 6038 Voluntas
1331 5989 1452 6050 corrupta
1486 5999 1533 6050 per
1562 5993 1697 6050 peccalum
1735 5985 2375 6040 33383331333338333333331313331183813-

270 6101 272 6106 ·
379 6079 483 6144 sequela
505 6077 603 6146 peccati
623 6077 657 6132 lV
677 6077 728 6130 333
743 6073 800 6132 ut
819 6077 961 6130 -dicitur
975 6089 1020 6130 ve·
1058 6071 1698 6140 promptaestadmultiplicemdeordinationem
1735 6075 2022 6152 03333313333333133333
2036 6077 2266 6142 patiturpuenam,
2280 6073 2374 6128 333113

377 6165 808 6222 3333333311333811113311313338
832 6165 947 6234 bonum,
965 6179 1019 6234 qua
1058 6161 1697 6228 1118903--13313133133333383333831338
1736 6163 1816 6218 modo
1834 6165 2001 6218 3338383333
2020 6167 2194 6230 peccatisine
2215 6165 2310 6218 decore
2336 6165 2374 6216 iu·
2413 6234 2418 6241 .

377 6257 462 6310 anima
481 6257 534 6308 iarn
553 6257 696 6314 inveterata
714 6265 768 6324 est,
788 6263 816 6310 et
833 6257 968 6308 inlirmitas
981 6269 1020 6308 ra·
1058 6251 1091 6308 111
1112 6251 1162 6306 368
1182 6267 1197 6306 3
1214 6279 1252 6294 -
1269 6251 1431 6304 Facillimum
1450 6257 1490 6304 est
1502 6251 1534 6306 de
1547 6259 1653 6320 peccalo
1673 6257 1698 6308 in
1737 6255 1818 6308 stillae
1836 6253 1857 6306 ll
1875 6253 1909 6306 83
1930 6253 1944 6306 1.
1964 6255 2028 6308 9--η
2042 6255 2188 6308 secundum
2201 6251 2273 6320 quod
2288 6253 2377 6308 133333-

360 6347 447 6398 ’313333
465 6345 600 6410 3333333113
619 6345 653 6400 38
672 6347 772 6398 malunt
790 6341 851 6400 loll.
1059 6349 1197 6410 peccalum
1214 6355 1292 6396 ruere
1311 6341 1329 6394 ll
1349 6339 1401 6392 617
1427 6339 1445 6392 13
1470 6367 1507 6380 -
1533 6341 1583 6408 Qui
1609 6349 1701 6410 peccat
1738 6341 1809 6398 modi
1827 6343 1943 6398 ordinari
1961 6341 2042 6398 habet
2059 6341 2093 6398 ad
2112 6341 2259 6410 3333333311
2282 6341 2327 6394 861
2348 6339 2376 6396 3*

413 6435 447 6486 38
467 6461 502 6472 -
520 6437 559 6488 cst
578 6441 663 6488 motus
684 6443 786 6502 praeter
813 6439 948 6500 naturam,
973 6435 1020 6502 qui
1059 6431 1155 6496 dignus
1169 6437 1208 6486 est
1219 6431 1315 6484 dimitti
1327 6429 1422 6482 cadere
1435 6431 1460 6482 in
1474 6429 1545 6482 aliud
1563 6435 1700 6496 peccatum
1737 6459 1771 6472 -
1800 6431 1968 6498 Cognoscens
1994 6433 2100 6500 culpam
2127 6435 2262 6500 cognoscit
2290 6445 2317 6486 se
2345 6445 2377 6484 333

380 6523 501 6578 diminuit
521 6521 1022 6579 33130313333311633333631333116761*
1060 6521 1079 6574 ll
1099 6521 1151 6574 833
1172 6521 1190 6576 l.
1208 6519 1234 6572 3.
1254 6519 1347 6588 8333,
1368 6515 1445 6572 9*-
1457 6517 1618 6584 8133333338
1630 6521 1701 6574 31338
1738 6519 1825 6574 813133
1845 6521 1970 6574 33313303
1990 6519 2133 6588 obligatum
2152 6521 2186 6574 ad
2210 6533 2323 6586 poenam
2343 6517 2376 6572 111

377 6613 414 6650 -’-
431 6617 471 6668 331
488 6613 602 6678 privatio
622 6611 723 6668 ordinis
740 6617 766 6668 31
784 6611 923 6666 diminutio
953 6611 1023 6666 habi·
1062 6617 1200 6676 peccatum
1214 6615 1274 6664 ¹lum
1294 6611 1395 6662 ratione
1412 6609 1701 6664 aversionistumcou-
1739 6605 1791 6662 397
1818 6623 1833 6662 a
1860 6637 1896 6650 --
1925 6611 1959 6662 Ex
1989 6611 2096 6676 peccato
2127 6611 2268 6664 commisso
2295 6607 2376 6660 oritur

379 6699 503 6756 1113133111
522 6701 618 6764 8088.
639 6705 654 6758 9
673 6729 709 6740 -
731 6703 781 6756 Per
809 6685 1023 6768 333331333381
1061 6700 1190 6754 versionis
1201 6701 1221 6752 ll
1241 6699 1293 6752 867
1313 6699 1370 6752 d.l
1398 6697 1569 6752 -Ratione
1593 6713 1702 6760 conver·
1739 6695 1857 6752 debitum
1888 6699 1996 6752 honoris
2025 6697 2153 6752 reddendi
2185 6697 2240 6752 Deo
2264 6695 2377 6760 333333

378 6789 460 6842 mitur
476 6791 654 6854 potentiarum
671 6789 791 6844 habilitas
821 6791 912 6842 11616
942 6791 960 6844 13
986 6817 1023 6830 —
1061 6787 1142 6842 sionis
1160 6797 1299 6856 peccatum
1319 6789 1396 6842 unius
1414 6789 1518 6854 generis
1537 6787 1701 6854 8333333138
1739 6787 1822 6856 ipsius
1834 6789 2000 6854 punitionem
2017 6787 2052 6840 lv
2070 6785 2124 6840 366
2143 6785 2270 6842 lit-,est
2288 6785 2378 6840 vincu-

380 6875 449 6930 Dum
467 6879 589 6932 voluntas
612 6893 642 6932 se
665 6879 814 6936 voluntarie
838 6881 863 6932 in
889 6885 949 6934 actu
972 6892 1022 6933 suo
1060 6887 1198 6946 peccatum
1217 6879 1323 6944 generis
1336 6877 1449 6944 proximi
1461 6873 1522 6932 illd.
1541 6905 1579 6918 -
1595 6891 1647 6932 333
1661 6881 1702 6932 331
1739 6877 1793 6932 lum
1812 6877 1902 6932 mortis
1922 6883 2045 6932 aetarnae
2064 6875 2165 6930 ratione
2186 6873 2329 6926 aversionis
2351 6879 2376 6932 31
