5784 8384
251 613 314 678 200
1078 607 1191 674 INDEX
1215 607 1407 676 SECUNDUS

516 698 585 750 hlhT
597 697 643 766 .(8)
1209 697 1248 764 (0)
1844 695 1911 752 hihi
1934 699 1989 766 (44)

249 785 365 852 bonum,
382 787 478 840 seilicet
490 785 570 852 tides,
590 787 677 852 proles
695 793 721 840 et
739 785 890 838 Sacramen-
927 785 976 838 cati
995 785 1030 838 IV
1049 783 1100 836 879
1120 799 1135 836 a
1154 799 1194 850 sq.
1213 811 1248 822 --
1268 783 1419 836 honorabile
1438 787 1476 836 est
1492 783 1568 836 ratio·
1656 813 1693 824 -
1709 787 1849 854 Nunquam
1868 791 1909 842 est
1925 787 2067 840 necessitas
2084 789 2242 840 matrimonii

251 879 306 928 tum
326 873 360 928 Ν
378 873 431 926 747
450 873 469 926 h
486 901 524 912 -·
540 875 568 926 ln
592 875 759 928 matrimonio
784 879 822 932 esi
846 873 892 924 bo·
928 887 962 926 ne
980 873 1152 924 continentiae
1170 873 1316 938 coniugalis
1328 879 1353 926 et
1371 873 1568 938 significationis
1601 879 1711 936 propter
1728 873 1904 928 infirmitatem
1925 873 2069 930 curandam
2087 873 2122 924 Ν
2141 873 2194 926 824
2212 873 2242 926 2*

251 977 315 1016 num
330 963 390 1014 tidei
409 963 432 1014 in
447 963 637 1028 singularitate,
658 963 758 1016 bonum
771 963 891 1028 44444444
927 961 1120 1014 sacramentalis
1139 957 1173 1014 ih.
1192 959 1210 1012 b
1230 987 1266 998 -
1284 963 1385 1012 ratione
1402 959 1464 1012 boni
1486 961 1568 1026 prolis
1601 987 1639 998 -·
1656 961 1711 1012 Non
1730 967 1770 1012 est
1787 965 1928 1014 necessitas
1947 963 2103 1014 matrimonii
2129 975 2177 1026 pro
2201 962 2243 1014 uli·

251 1051 420 1116 fecunditate,
442 1051 639 1104 Sacramentum
653 1059 677 1104 et
696 1051 852 1118 significatio
864 1051 890 1100 in
927 1049 1017 1112 potius
1030 1055 1068 1100 est
1088 1047 1147 1100 utile
1160 1061 1239 1112 quarn
1253 1047 1406 1100 honorabile
1417 1047 1452 1102 io.
1466 1045 1495 1100 2*
1521 1089 1523 1094 .
1602 1061 1656 1116 quo
1674 1057 1794 1112 respectu
1814 1051 1910 1114 speciei
1930 1051 2127 1104 conseruandae
2144 1047 2215 1104 iiior

250 1137 435 1192 insolubilitate
454 1139 485 1192 Ν
516 1139 567 1192 675
594 1141 611 1192 i.
641 1139 791 1192 i—Tria
819 1137 890 1190 bona
980 1161 1017 1176 ·-
1034 1137 1133 1188 ratione
1152 1135 1214 1188 boui
1231 1137 1389 1188 conterentis
1401 1143 1441 1188 est
1458 1143 1568 1202 propter
1640 1135 1671 1186 40
1694 1163 1725 1172 -
1745 1141 1783 1188 est
1802 1137 1938 1202 quoddam
1958 1141 2092 1200 vinculum
2119 1137 2244 1204 obligato·

251 1227 410 1278 matrimonii
433 1229 640 1294 appropriantur
663 1227 746 1282 tribus
770 1223 891 1290 personis
928 1223 998 1274 aliud
1023 1223 1201 1288 appetendum
1225 1225 1259 1276 Ν
1284 1225 1336 1276 748
1364 1224 1568 1278 4*-44444-
1602 1229 1670 1280 4444
1692 1229 1833 1292 respiciens
1851 1235 1936 1282 tutum
1955 1233 2124 1284 coniunctum
2142 1229 2175 1284 Ν
2188 1229 2240 1282 676

251 1315 348 1368 divinis
370 1315 406 1368 Ν
429 1315 480 1368 607
504 1317 531 1370 d.
550 1317 565 1368 3
585 1345 621 1358 -
639 1319 687 1369 tria
701 1361 702 1364 ,
716 1311 794 1368 habet
821 1311 899 1364 bona
927 1323 1006 1376 num,
1026 1311 1098 1378 4444
1121 1313 1212 1376 appeti
1229 1317 1328 1378 potest,
1346 1311 1394 1364 sed
1412 1313 1507 1366 mellus
1528 1319 1568 1366 est
1604 1315 1634 1368 4*
1651 1343 1686 1356 -·
1705 1319 1744 1368 est
1763 1317 2076 1372 coniunctioanimorum
2095 1323 2122 1372 in
2147 1331 2242 1384 corpo-

250 1405 307 1456 sire
326 1411 445 1468 respectu
471 1419 565 1458 causae
585 1407 720 1458 efficientis
744 1403 801 1452 sire
824 1401 892 1450 insti·
928 1413 980 1452 non
999 1401 1087 1464 appeti
1100 1395 1133 1452 ih.
1153 1397 1170 1452 b
1190 1425 1226 1438 --
1242 1407 1350 1464 proptor
1369 1399 1469 1452 bonum
1481 1401 1566 1464 prolis
1602 1405 1692 1470 ribus,
1709 1405 1769 1470 quia
1788 1405 1941 1456 estrationo
1959 1407 2088 1460 utentium
2100 1417 2127 1462 et
2145 1407 2241 1460 hahen-

251 1493 360 1556 tuentis,
374 1495 494 1558 principii
509 1493 686 1548 constituentis
695 1495 721 1542 et
733 1489 792 1540 linis
806 1487 892 1538 lermi·
928 1499 980 1536 non
1000 1487 1147 1552 praeiertur
1159 1489 1299 1552 virginitati
1312 1489 1347 1540 Ν
1364 1487 1416 1542 755
1439 1485 1467 1540 4*
1603 1493 1667 1546 4444
1687 1507 1765 1546 sexus
1783 1491 1917 1544 distinctus
1937 1489 2007 1546 itio..
2020 1521 2055 1532 -
2069 1509 2120 1546 non
2138 1503 2176 1548 est
2188 1497 2242 1548 vin·

251 1581 337 1634 nantis
360 1581 394 1632 Ν
422 1581 474 1634 740
496 1581 514 1634 b
533 1593 568 1620 ·-‘
587 1577 626 1632 hd
653 1563 809 1630 matrimonii
834 1587 891 1626 esse
921 1609 923 1612 -
981 1601 1018 1624 .·-
1035 1581 1075 1626 444
1101 1583 1234 1640 sanctum,
1265 1577 1310 1628 sed
1338 1575 1416 1630 habet
1435 1591 1565 1630 annexum
1603 1579 1692 1632 culum
1711 1579 2119 1644 animarum,nisiinquantum
2138 1583 2244 1632 coniun-

251 1671 412 1734 complctum
430 1677 471 1722 est
491 1669 638 1720 necessaria
665 1665 799 1728 institutio,
821 1663 892 1716 debl-
927 1663 1040 1730 aliquid,
1059 1663 1131 1728 quod
1160 1665 1302 1716 orationem
1329 1665 1439 1730 impedit
1463 1667 1494 1720 Ν
1514 1665 1561 1718 744
1603 1673 1659 1720 4444
1678 1665 1835 1734 corporibus
1851 1667 1887 1720 Ν
1905 1665 2118 1728 878,2*-444
2138 1681 2243 1734 compe·

235 1763 294 1814 ,tus
312 1773 376 1812 usus
389 1763 414 1810 et
432 1755 545 1822 tructus,
557 1753 657 1822 quibus
668 1753 829 1818 respondent
841 1753 890 1804 tria
926 1749 966 1818 3*,
987 1749 1026 1804 4*.
1037 1749 1090 1804 744
1103 1749 1130 1804 d,
1144 1749 1259 1806 5—est
1272 1751 1422 1806 honorabile
1439 1761 1567 1820 quantum
1604 1759 1634 1808 tit
1651 1757 1727 1808 statui
1747 1757 1844 1822 gloriae
1865 1755 1899 1808 Ν
1916 1755 1969 1810 754
1988 1757 2007 1808 t.
2027 1755 2041 1808 4

251 1849 308 1898 eius
327 1845 395 1900 bona
413 1843 564 1896 ibid-ln
584 1845 750 1896 matrimonio
770 1845 808 1894 est
828 1841 890 1892 unio
927 1839 1567 1908 4444444044444444444444,4444444444440·
1602 1883 1603 1886 ,
1655 1871 1692 1884 -·
1710 1845 2049 1898 estinterduosntrelatio
2069 1845 2241 1912 aequiparan-

251 1935 405 1998 singulare,
424 1933 492 1984 utilis
511 1939 538 1986 et
555 1929 738 1996 inseparabilis
756 1927 819 1982 iota.
926 1941 983 2002 rem
1003 1941 1134 1980 annexum
1154 1935 1280 1994 quantum
1298 1929 1333 1980 ad
1356 1937 1444 1982 actum
1469 1931 1487 1982 ll
1510 1929 1567 1980 Ι487
1602 1933 1653 1982 4444
1670 1931 1706 1982 Ν
1724 1931 1776 1984 677
1795 1933 1813 1984 4.
1833 1931 1857 1984 4.
1882 1933 1929 1985 704
1954 1935 1969 1984 i.
1999 1935 2021 1998 l,
2040 1935 2056 1986 2
2076 1961 2111 1974 -
2130 1939 2167 1986 esi
2187 1935 2241 1984 vin·

300 2019 459 2082 ,-lionum
479 2019 891 2084 prolisestadiotaminenalu·
926 2013 1076 2066 42-44
1091 2029 1140 2066 usu
1154 2017 1311 2070 matrimonii
1325 2019 1510 2082 utplurimum
1529 2023 1568 2068 est
1602 2021 1692 2072 culum
1712 2027 1833 2074 mutuum
1850 2025 1878 2072 et
1895 2035 1923 2072 sc
1942 2021 2020 2076 habet
2043 2027 2073 2076 ui
2096 2025 2187 2076 relatio
2205 2023 2239 2074 Ν

251 2107 417 2174 r'ae,b0num
429 2109 488 2160 hdei
501 2121 517 2160 a
528 2107 783 2160 dictaminerationis
795 2115 890 2170 rectae,
918 2103 1008 2154 libido
1022 2109 1045 2154 et
1057 2103 1084 2154 44
1097 2103 1287 2158 cohabitatione
1304 2105 1452 2158 sollicitudo
1464 2105 1495 2158 Ν
1515 2105 1566 2158 805
1602 2105 1654 2160 727
1673 2107 1701 2160 d.
1719 2109 1744 2160 3.
1765 2109 1816 2160 830
1835 2121 1890 2172 arg.
1910 2109 1920 2160 4
1946 2139 1980 2146 -
2000 2115 2037 2160 est
2053 2111 2189 2164 vinculum
2201 2125 2239 2162 re-

251 2197 352 2250 bonum
366 2199 526 2250 sacramenti
545 2211 558 2248 a
582 2195 722 2250 dictamine
743 2195 843 2260 gratiae
857 2193 889 2248 Ν
926 2189 999 2242 b-
1017 2193 1100 2244 solent
1118 2191 1244 2244 celebrari
1265 2207 1325 2244 cum
1349 2193 1447 2256 gaudio
1470 2193 1566 2246 carnali
1603 2197 1704 2248 lationis
1721 2197 1748 2246 in
1763 2205 1872 2262 utroque
1886 2205 2001 2250 extremo
2016 2197 2050 2248 Ν
2069 2197 2121 2250 775
2141 2199 2156 2250 i.
2178 2199 2188 2250 4
2207 2227 2242 2236 -

251 2285 508 2340 7l9b—Bonum
522 2283 583 2336 44444
602 2285 671 2338 44444
683 2287 709 2336 44
729 2295 826 2350 genere
845 2285 889 2334 ho·
926 2287 952 2334 et
971 2283 1143 2334 conversione
1166 2279 1201 2334 ad
1229 2283 1350 2334 irrieriora
1377 2281 1409 2334 Ν
1432 2279 1483 2334 730
1505 2283 1521 2334 4.
1540 2281 1566 2334 3.
1603 2295 1684 2334 unum
1704 2285 1781 2338 estin
1799 2285 1896 2336 viroet
1915 2285 2071 2350 leminaper
2089 2287 2241 2336 relationem

251 2375 332 2442 nesti,
352 2375 452 2426 bonum
467 2375 546 2440 prolis
564 2375 591 2426 in
605 2387 701 2438 genere
720 2373 888 2436 conterentis,
926 2367 980 2418 740
999 2367 1027 2420 h.
1044 2365 1092 2420 744
1117 2367 1147 2420 4*
1374 2425 1376 2430 ,
1517 2359 1519 2364 ’
1599 2373 1788 2426 conformitatis
1808 2373 1840 2424 Ν
1859 2373 1910 2426 675
1931 2373 2184 2426 l.3-Vinculum
2202 2381 2241 2428 est

251 2445 524 2516 bonumsacramenti
542 2463 716 2514 siveunioin
735 2457 891 2526 generede-
925 2503 926 2508 ,
980 2455 1111 2508 -debet
1130 2457 1566 2512 essehonestrrle850l.t-
1601 2461 1739 2514 relativum
1754 2465 1778 2514 ct
1796 2467 1917 2514 mutuum
1931 2475 1979 2514 nec
1998 2467 2152 2526 potestesse
2171 2463 2240 2514 clau·

251 2551 376 2604 lectabili's
394 2551 428 2604 Ν
447 2551 498 2602 748
519 2565 543 2602 4.
561 2547 614 2602 740
634 2549 652 2602 b
671 2575 705 2586 -
725 2549 827 2600 Bonum
847 2547 891 2598 ho·
926 2545 1104 2610 principaliter
1121 2551 1161 2598 est
1179 2547 1324 2598 institutum
1350 2547 1384 2600 ad
1403 2549 1563 2602 honestatem
1602 2547 1666 2602 dum
1681 2551 1715 2602 Ν
1726 2547 1774 2602 704
1792 2549 1821 2602 b.
1831 2549 1882 2602 702
1894 2547 1929 2616 4*,
1941 2547 1977 2602 5*.
1988 2549 2038 2602 778
2052 2551 2112 2602 4.8.
2126 2547 2178 2600 785
2193 2551 2238 2602 4.3

251 2645 355 2694 nestum
378 2639 462 2690 estin
487 2639 672 2692 observatione
696 2637 771 2702 fidei,
790 2635 889 2688 bonum
927 2633 1071 2686 naturalem
1090 2633 1297 2688 conservandam
1316 2635 1350 2688 IV
1369 2635 1422 2688 875
1442 2635 1470 2688 3*
1655 2667 1690 2676 -
1709 2637 1854 2690 Coniormis
1873 2643 1911 2692 est
1929 2639 1991 2690 unio
2017 2646 2040 2691 et
2060 2637 2120 2690 ideo
2140 2639 2239 2690 contor-

251 2727 384 2784 oommodi
403 2731 428 2778 in
448 2727 700 2792 secunditateprolis
719 2727 750 2778 Ν
771 2723 822 2778 750
844 2721 871 2776 4*
979 2749 1016 2760 --
1034 2735 1085 2772 444
1104 2727 1144 2774 est
1163 2723 1261 2776 malum
1281 2729 1389 2790 propter
1408 2727 1566 2778 malumad-
1601 2729 1652 2778 mis
1673 2725 1795 2792 obligatio
1823 2727 1852 2778 Ν
1872 2725 1924 2778 742
1950 2727 1975 2778 4.
1996 2727 2020 2778 4.
2045 2725 2097 2778 747
2123 2729 2139 2778 i.
2163 2727 2195 2792 3,
2215 2725 2241 2778 4.

305 2817 453 2870 -84444
467 2817 609 2882 principale
627 2823 653 2868 et
665 2811 840 2880 inseparabile
852 2819 891 2866 est
919 2813 1051 2876 444444,
1070 2811 1116 2862 sed
1136 2817 1210 2864 curat
1232 2819 1258 2864 44
1277 2819 1382 2866 excusat
1406 2815 1517 2882 malum,
1537 2823 1565 2868 ut
1600 2815 1653 2868 748
1671 2831 1695 2868 a.
1709 2815 1761 2868 740
1774 2817 1791 2868 4.
1804 2817 1830 2868 2.
1841 2815 1894 2868 750
1907 2829 1931 2882 a,
1945 2813 2024 2868 3*-
2042 2815 2089 2868 Vir
2107 2815 2241 2868 etmulier

250 2907 384 2960 vinculum
412 2907 610 2972 sacramentale,
631 2907 680 2958 alia
704 2909 763 2958 sunt
791 2917 890 2956 annexa
926 2913 979 2952 non
997 2901 1030 2952 sit
1048 2899 1177 2964 culpabile
1196 2901 1301 2954 Ν748
1322 2893 1358 2954 2*.
1378 2901 1428 2956 728
1451 2903 1564 2956 4.5-
1600 2903 1773 2982 debentesse
1800 2907 1827 2956 in
1850 2903 2036 2958 consentiendo
2065 2905 2187 2970 aequales
2206 2903 2240 2954 Ν

250 2997 285 3050 Ν
303 2997 355 3048 740
375 2993 405 3046 4*
425 2995 550 3046 -Finis
575 3003 601 3048 et
621 2993 721 3046 bonum
746 2993 891 3058 principale
926 2995 967 3042 est
984 2987 1083 3040 honum
1103 2989 1256 3042 medicinale
1271 2991 1302 3042 Ν
1316 2991 1367 3044 748
1388 2991 1424 3044 2*.
1442 2993 1493 3044 728
1509 2993 1564 3046 45
1601 2995 1653 3044 600
1677 2995 1696 3046 4.
1723 2993 1791 3046 l·-
1810 2995 1857 3046 Vir
1882 3001 1907 3046 ot
1931 2995 2068 3046 mulierin
2093 3007 2161 3046 noun
2183 2995 2241 3060 lege

251 3085 410 3138 matrimonii
428 3087 468 3134 est
486 3081 587 3134 bonum
606 3081 765 3134 Sacramenti
787 3081 819 3132 Ν
839 3077 890 3130 684
926 3105 962 3114 -
984 3083 1023 3128 est
1045 3079 1175 3138 potentius
1202 3093 1281 3144 4444
1310 3081 1419 3132 morbus
1443 3083 1565 3146 concupi·
1601 3087 1728 3148 quantum
1753 3081 1784 3134 ad
1804 3083 1889 3144 legem
1914 3085 1962 3132 tori
1981 3085 2088 3132 omnino
2113 3081 2147 3134 44
2166 3083 2239 3146 parm

251 3173 279 3224 d.
298 3171 307 3222 4
326 3173 571 3222 —Saoramentum
590 3171 705 3222 estunio
724 3171 749 3220 in
769 3161 890 3220 unocor-
926 3163 1039 3216 scentiae
1058 3167 1085 3214 et
1101 3165 1195 3216 morbo
1216 3179 1266 3218 non
1287 3169 1400 3234 vitiatur,
1418 3169 1467 3222 sed
1490 3183 1565 3222 excu-
1601 3171 1749 3222 iudicantur
1775 3170 1794 3221 ll
1823 3171 1873 3222 792
1894 3165 1930 3222 2*.
1960 3171 1992 3222 Ν
2012 3171 2064 3222 730
2087 3169 2115 3222 b.
2141 3171 2193 3222 736
2213 3171 2240 3222 b.

250 3257 438 3326 4444444748
459 3255 606 3312 47205*
926 3255 967 3302 sat
983 3251 1077 3302 444444
1096 3251 1129 3304 Ν
1151 3251 1204 3304 723
1223 3267 1247 3306 4.
1265 3255 1317 3306 773
1341 3253 1366 3306 4*
1416 3285 1420 3294 .
1601 3255 1788 3310 78244-44
1813 3259 1979 3308 matrimonio
2003 3263 2151 3310 estmutua
2175 3259 2238 3312 obli·

304 3347 460 3400 —Bonum
485 3345 717 3412 Sacramentiest,
742 3349 770 3396 ut
794 3341 889 3408 signin·
943 3351 944 3354 ’
979 3367 1015 3376 -4
1034 3347 1071 3392 est
1085 3345 1166 3394 status
1179 3343 1383 3408 imperfectionis
1397 3345 1428 3396 Ν
1443 3343 1494 3398 754
1509 3347 1526 3396 l.
1540 3347 1566 3396 2.
1602 3345 1686 3410 gotio,
1706 3345 1766 3412 quia
1784 3345 1857 3396 aliter
1877 3359 1928 3398 non
1954 3347 2122 3398 interveniret
2140 3347 2241 3412 insepa-

251 3445 324 3490 cetur
343 3437 405 3488 unio
422 3435 528 3486 divinae
544 3441 652 3486 naturae
670 3441 694 3488 et
714 3435 844 3486 humanae
856 3429 890 3482 Ν
927 3427 979 3484 804
998 3427 1029 3480 2*
1045 3431 1199 3496 -respicit
1212 3439 1306 3484 statum
1321 3435 1490 3486 continentiae
1504 3447 1566 3486 coo·
1601 3435 1691 3486 rabilis
1715 3435 1777 3486 unio
1796 3435 1830 3486 Ν
1847 3431 1900 3486 742
1926 3433 1953 3486 4.
1972 3433 1982 3484 4
2007 3461 2040 3470 -
2060 3439 2097 3486 est
2117 3441 2239 3490 mutuum

249 3525 302 3576 740
321 3525 339 3576 h
359 3553 393 3564 -
411 3525 513 3576 Bonum
533 3523 692 3576 8444444444
719 3521 812 3576 dicitur
832 3531 890 3586 pro·
926 3515 1021 3582 iugalis
1039 3515 1072 3568 Ν
1092 3517 1143 3570 804
1158 3517 1185 3570 4*
1199 3549 1233 3556 -
1247 3533 1297 3570 444
1312 3529 1426 3574 meretur
1439 3521 1563 3588 palmam,
1603 3525 1737 3576 vinculum
1759 3528 1783 3576 et
1801 3525 1892 3574 mutua
1911 3525 2026 3588 potestas
2044 3523 2078 3574 Ν
2096 3523 2148 3576 678
2167 3537 2184 3576 a

249 3617 348 3680 prietes
360 3611 586 3676 inseparabilitatis
605 3611 638 3662 Ν
651 3609 703 3664 720
723 3607 890 3664 5*-hatio
926 3603 1017 3656 saltem
1043 3611 1169 3672 quantum
1195 3609 1228 3660 ad
1253 3609 1512 3674 superexcellentiam
1539 3611 1589 3666 in,
1656 3639 1689 3650 —-
1709 3611 1734 3662 in
1754 3613 1888 3664 contractu
1904 3611 2032 3674 consistit,
2051 3613 2096 3678 qui
2123 3619 2160 3666 est
2180 3627 2239 3678 per·

250 3701 703 3756 sacramentimaximenonsistitin
723 3697 891 3752 ratificatione
926 3693 1020 3744 merito
1040 3695 1160 3748 aureolae
1186 3697 1227 3748 vel
1257 3697 1355 3750 tructus
1379 3699 1565 3752 iil-citus
1603 3715 1681 3754 sonae
1700 3699 1733 3752 44
1753 3713 1892 3764 personam
1910 3699 1946 3750 Ν
1970 3699 2022 3750 852
2040 3713 2055 3750 4
2074 3727 2108 3738 -
2129 3699 2239 3752 Coniun-

249 3791 348 3844 rinculi
374 3789 410 3842 Ν
429 3789 482 3840 834
509 3789 702 3840 b-Bonum
731 3785 890 3864 sacramenti
925 3811 962 3818 —-
980 3789 1098 3846 tempore
1110 3785 1175 3850 legis
1188 3789 1295 3838 naturae
1308 3787 1437 3840 institutae
1451 3795 1475 3840 et
1487 3789 1566 3840 etiam
1603 3793 1666 3856 ctio,
1688 3803 1757 3856 quae
1775 3789 1867 3840 dicitur
1890 3789 2069 3840 uinculumet
2087 3801 2155 3856 quae
2180 3789 2240 3842 44444

250 3880 323 3932 adest
342 3879 367 3931 in
387 3863 553 3930 matrimonio
578 3883 650 3944 rato,
671 3877 719 3930 sed
742 3889 795 3928 nun
820 3885 890 3926 com·
926 3879 1065 3936 corruptae
1084 3873 1109 3924 in
1122 3877 1188 3926 statu
1205 3875 1290 3938 primo
1308 3891 1356 3940 per
1369 3877 1492 3928 meritum
1507 3877 1569 3930 obe·
1603 3879 1750 3942 uinculum,
1771 3879 1875 3942 respicit
1894 3875 2064 3930 substantiam
2082 3879 2240 3930 matrimonii

249 3969 369 4036 pterglv
388 3967 435 4020 721
461 3981 535 4034 asq,
791 3987 793 3994 ›
927 3957 1039 4012 dientiaa
1064 3967 1119 4014 erat
1147 3963 1265 4014 eiusdem
1285 3963 1416 4028 dignitatis
1438 3967 1567 4032 acvirgi·
1603 3971 1629 4020 et
1648 3967 1825 4018 noniteratur
1847 3965 1881 4018 Ν
1901 3963 1953 4016 676
1973 3963 2002 4017 4*
2027 3993 2061 4004 -
2085 3953 2238 4020 Coniunctio

303 4083 338 4092 -
357 4055 432 4108 Fides
450 4061 502 4122 est,
521 4055 594 4122 quod
614 4057 674 4122 quis
692 4065 768 4106 suam
794 4063 889 4116 cogno·
926 4049 992 4100 nitas
1012 4047 1045 4100 Ν
1064 4049 1115 4100 665
1135 4049 1171 4102 2*.
1190 4051 1242 4104 746
1270 4065 1292 4104 a.
1316 4051 1370 4104 775
1389 4069 1403 4104 4
1422 4067 1463 4120 sq.
1481 4081 1518 4092 —
1541 4055 1566 4106 ln
1603 4059 1693 4108 iterata
1712 4067 1764 4106 non
1777 4053 1929 4118 multiplicat
1942 4055 2069 4106 rationem
2088 4057 2237 4108 Sacramen-

250 4149 417 4198 seatetnon
437 4143 514 4196 attam
534 4143 670 4196 4447484
817 4209 824 4216 μ
926 4139 1092 4190 4444444444
1112 4153 1163 4190 non
1176 4143 1216 4190 est
1229 4143 1311 4192 maior
1325 4141 1419 4194 utilitas
1437 4143 1563 4208 facientis,
1604 4143 1701 4210 ti‚sed
1719 4143 1776 4194 eius
1793 4155 1872 4194 usum
1892 4139 1963 4206 iiio,
1982 4141 2012 4194 2*
2093 4143 2094 4146 ’

303 4261 339 4272 -
357 4233 459 4284 Bonum
486 4233 579 4296 prolis,
604 4239 632 4284 ut
658 4229 783 4294 competit
801 4229 889 4278 Sacra·
926 4225 975 4278 sed
992 4227 1078 4278 minor
1100 4227 1199 4280 tructus
1218 4227 1250 4280 Ν
1272 4227 1323 4280 824
1343 4227 1371 4282 2*
1655 4257 1692 4270 -·
1710 4229 1877 4294 distinguitur
1894 4227 1980 4282 444444
1993 4233 2019 4282 44
2036 4229 2239 4284 consummatum

250 4329 353 4386 tnento,
372 4325 412 4372 est
430 4323 574 4386 procreatio
596 4319 628 4370 ad
648 4319 746 4372 cultum
770 4317 888 4368 divinum
980 4343 1015 4352 -
1034 4321 1073 4366 est
1092 4317 1357 4382 sacramentonum
1376 4319 1513 4372 coniuncta
1527 4323 1566 4372 est
1602 4317 1746 4372 secundum
1769 4319 1941 4382 integritatem
1956 4317 2125 4372 sufficientiae
2144 4323 2168 4372 el
2187 4321 2238 4386 ple·

251 4409 368 4462 ordinata
398 4409 430 4462 Ν
458 4407 510 4458 727
530 4407 555 4460 d.
578 4409 588 4458 4
613 4409 692 4458 -ln
724 4405 889 4458 matrimonio
926 4405 993 4456 aetio
1013 4407 1122 4458 earnalis
1142 4405 1174 4458 Ν
1193 4401 1417 4460 767b—-habet
1436 4409 1563 4462 rationem
1601 4407 1725 4460 mitudinis
1751 4407 1784 4460 Ν
1802 4405 1946 4458 etth-
1970 4407 2111 4460 ratiticatur
2136 4409 2160 4460 in
2180 4423 2239 4462 con-

252 4499 396 4548 marimum
416 4501 454 4548 est
472 4497 592 4550 solatium
612 4495 725 4548 tiliorum
745 4493 778 4544 Ν
799 4491 850 4544 874
875 4507 889 4544 4
927 4491 990 4544 44444
1008 4491 1150 4558 spiritualis
1168 4495 1252 4560 magis
1272 4509 1302 4548 44
1328 4487 1509 4548 benedictione
1528 4511 1565 4548 sa·
1602 4511 1679 4548 sensu
1694 4495 1726 4548 44
1745 4497 1884 4560 praesenti,
1900 4497 2132 4548 consummatoria
2146 4497 2240 4562 copula

248 4611 285 4626 -··
303 4587 405 4638 Bonum
425 4585 505 4650 prolis
525 4585 618 4650 triplici
638 4587 780 4636 intentione
805 4587 890 4646 potest
928 4581 1052 4634 cerdotali
1076 4595 1156 4648 quam
1179 4595 1212 4634 ex
1237 4585 1337 4636 ratione
1359 4591 1506 4638 contractus
1531 4587 1565 4638 Ν
1601 4585 1697 4638 4444444
1717 4585 1750 4637 Ν
1771 4583 1821 4634 686
1841 4583 1867 4636 4.
1887 4583 1951 4636 5-
1964 4583 2079 4638 lidelium
2097 4593 2138 4638 est
2153 4593 2239 4638 ratum

251 4675 341 4740 quaeri
360 4673 393 4726 Ν
413 4671 465 4724 727
484 4671 509 4724 d.
532 4673 541 4722 4
564 4701 601 4710 --
619 4671 722 4724 Bonum
735 4671 815 4734 prolis
836 4673 891 4734 poi·
928 4669 979 4722 660
999 4667 1029 4722 4*
1047 4699 1082 4708 -
1102 4671 1209 4722 [latione
1223 4677 1368 4726 contractus
1388 4673 1527 4726 voluntarii
1540 4681 1575 4736 ets
1601 4679 1626 4726 et
1652 4673 1810 4738 legitimum,
1838 4671 1981 4724 infidelium
2007 4673 2165 4740 legitimum,
2192 4673 2239 4726 sed

251 4769 291 4816 est
308 4761 407 4816 intendi
432 4761 465 4812 ad
491 4761 588 4814 cultum
609 4759 655 4812 Dei
681 4759 822 4812 intentione
842 4759 891 4810 lor·
927 4761 1019 4812 annexi
1038 4760 1187 4824 temporalis
1210 4761 1288 4814 habet
1304 4743 1474 4830 aliquomodo
1490 4765 1565 4816 ratio·
1603 4775 1655 4814 non
1682 4767 1782 4826 ratum,
1813 4761 1928 4812 fidelium
1958 4767 2118 4814 contractum
2149 4769 2238 4814 contra

249 4855 332 4914 mata,
351 4851 392 4902 vel
419 4851 503 4902 solum
527 4849 561 4902 ad
585 4849 762 4914 posteritatem
791 4845 890 4900 haben·
927 4859 987 4898 444
1006 4847 1158 4910 temporalis
1181 4845 1241 4902 iaia.
1265 4877 1296 4886 -
1314 4851 1422 4902 ilatione
1451 4865 1563 4912 444444-
1603 4851 1804 4914 prohihitionem
1830 4853 1868 4902 est
1886 4855 1986 4914 ratum,
2010 4851 2058 4902 sed
2081 4863 2133 4902 non
2158 4852 2238 4916 legiti-

249 4939 311 4992 dam
329 4939 364 4992 Ν
383 4939 434 4990 836
454 4935 674 5002 4*-4444444
698 4937 764 5002 legis
788 4937 887 5000 gratiae
926 4949 987 4988 rum
1004 4935 1189 5006 temporalium
1208 4937 1266 4990 licet
1286 4937 1358 4992 dotes
1370 4941 1488 5004 accipere
1501 4937 1563 4994 ibid.
1601 4951 1674 4992 mum
1694 4937 1728 4992 Ν
1757 4937 1807 4992 834
1837 4937 1907 4990 4)-
1925 4943 2013 4990 44444
2041 4947 2238 4994 consummatur

248 5043 300 5080 non
319 5035 371 5082 tam
390 5027 532 5094 requiritur
555 5025 655 5080 bonum
675 5027 755 5092 prolis
781 5025 813 5076 Ν
833 5025 887 5078 755
962 5025 1026 5076 0-
1045 5025 1093 5078 4444
1106 5025 1249 5078 institutum
1265 5043 1278 5078 a
1292 5027 1346 5080 Deo
1358 5027 1410 5080 sub
1422 5033 1563 5094 praece-plu
1601 5029 1677 5080 etlam
1698 5041 1745 5092 per
1765 5027 1886 5090 copulam
1910 5027 1938 5076 ri
1956 5031 2096 5094 extortam,
2120 5043 2188 5094 quae
2208 5043 2238 5082 444

249 5115 277 5170 b.
298 5117 348 5170 870
368 5115 407 5184 2*,
429 5113 457 5166 4*
819 5167 821 5172 ,
922 5115 960 5166 Ν
980 5113 1032 5164 663
1050 5114 1066 5164 4.
1088 5115 1112 5166 2.
1133 5113 1185 5166 664
1204 5115 1224 5166 4.
1243 5116 1252 5167 l
1277 5117 1380 5168 -hex
1406 5119 1562 5170 matrimonii
1602 5129 1730 5168 consensu
1750 5115 1922 5182 praecedente
1941 5115 2088 5168 voluntaria
2109 5115 2239 5170 indicatur

302 5235 337 5244 -
355 5205 455 5256 Bonum
476 5205 555 5268 prolis
576 5217 627 5258 non
655 5209 693 5256 est
712 5205 806 5256 unicus
830 5205 888 5258 linis
926 5203 1071 5266 specialiter
1085 5201 1260 5256 attenditurin
1276 5205 1457 5258 hominibusll
1471 5205 1521 5258 433
1535 5205 1563 5258 2*
1600 5205 1635 5258 Ν
1654 5205 1705 5256 733
1726 5203 1743 5256 b
1769 5231 1803 5244 -
1823 5211 2032 5256 consummatum
2057 5203 2130 5256 addit
2155 5203 2187 5256 ad
2208 5205 2238 5256 si-

248 5295 282 5348 Ν
301 5295 348 5346 724
372 5293 390 5346 b
410 5321 444 5332 ·-
464 5295 542 5346 Posse
560 5307 700 5368 procreare
716 5283 888 5358 4444444444
925 5317 962 5328 -
974 5289 1021 5342 luit
1034 5291 1206 5344 institutuma
1226 5291 1343 5346 Deosub
1357 5303 1495 5358 praecepto
1510 5307 1563 5346 mo·
1601 5295 1792 5360 gnilicationem
1811 5297 1838 5346 et
1855 5291 2040 5356 obligationem
2060 5289 2094 5344 th.
2114 5289 2144 5342 3*

249 5385 310 5438 dicit
337 5387 420 5436 toturn
446 5397 504 5434 esse
533 5383 689 5434 matrimonii
716 5381 748 5434 Ν
773 5379 825 5433 774
852 5379 887 5432 4*.
925 5379 972 5430 4444
991 5383 1017 5430 44
1035 5381 1214 5432 sacramentali
1233 5381 1267 5432 Ν
1287 5381 1334 5432 674
1353 5381 1377 5434 d.
1400 5385 1513 5436 2-444
1528 5385 1562 5434 in·
1639 5379 1878 5434 li-Coniunctio
1893 5379 2088 5430 matrimonialis
2100 5393 2132 5430 44·
2146 5379 2233 5434 divina

247 5471 299 5524 776
325 5471 351 5522 d.
376 5473 446 5522 2-
465 5467 619 5524 Matrimonii
638 5485 703 5522 usus
723 5473 807 5536 potest
830 5483 888 5520 esse
925 5469 1043 5520 stitutum
1061 5481 1109 5532 pcc
1126 5475 1298 5534 praeceptum
1316 5471 1503 5524 sacramentale
1523 5463 1574 5524 ra?
1601 5473 1758 5522 institutione
1778 5475 1803 5520 et
1815 5469 1962 5520 secundum
1975 5461 2104 5520 dictamen
2118 5469 2182 5522 iuris
2197 5485 2237 5522 44-

247 5561 303 5610 sine
320 5557 391 5610 bono
410 5559 471 5610 tidei
490 5565 515 5610 et
533 5559 614 5622 prolis
632 5559 667 5610 Ν
692 5559 744 5610 720
768 5571 825 5622 arg.
852 5559 882 5624 2,
924 5559 993 5608 tione
1012 5559 1200 5610 coniunctionis
1225 5557 1389 5610 indivisibilis
1414 5559 1438 5610 44
1466 5559 1562 5624 signiti-
1601 5559 1688 5610 turalis
1707 5565 1744 5610 cst
1766 5559 1890 5622 perpetua
1905 5555 1937 5606 Ν
1951 5539 2001 5606 600
2017 5555 2083 5608 b—
2098 5571 2129 5610 ex
2148 5551 2234 5612 divina

247 5647 276 5714 3,
296 5647 312 5698 b
331 5661 389 5712 sqq.
413 5673 446 5684 -
469 5647 568 5698 Bonum
581 5645 641 5698 fidei
655 5651 680 5698 et
692 5647 774 5712 prolis
786 5647 810 5696 in
826 5659 885 5698 con·
925 5643 1008 5698 cando
1027 5643 1089 5698 4444.
1391 5679 1394 5684 ·
1600 5647 1759 5698 institutione
1788 5651 1827 5698 est
1854 5645 2013 5698 indivisibile
2041 5647 2076 5700 Ν
2102 5645 2155 5700 758
2175 5649 2194 5700 4.
2214 5649 2238 5700 4.

246 5733 586 5800 44444444444444444444
607 5733 885 5796 potestexcludi,setl
978 5761 1012 5770 -
1031 5735 1177 5786 institutum
1196 5733 1243 5786 suit
1262 5733 1311 5786 sub
1338 5739 1478 5800 praecepto
1496 5737 1563 5786 alhr-
1600 5733 1651 5784 750
1672 5731 1701 5784 4*
1721 5761 1755 5770 -—
1775 5737 1813 5784 est
1832 5733 1967 5786 vinculum
1985 5733 2124 5786 insolubile
2138 5737 2171 5790 Ν
2185 5737 2237 5788 600

246 5823 405 5896 nonapponi
419 5821 532 5874 conditio
545 5825 633 5872 contra
647 5823 703 5886 ipsa
718 5821 750 5874 Ν
763 5821 810 5870 724
830 5835 853 5886 a,
868 5819 885 5872 b
924 5823 1022 5872 motivo
1042 5823 1105 5874 iuris
1123 5823 1245 5874 naturalis
1265 5835 1313 5886 pro
1334 5823 1419 5886 primo
1438 5829 1505 5876 statu
1529 5823 1561 5874 Ν
1600 5819 1638 5874 3*.
1658 5823 1703 5872 604
1727 5811 1783 5886 arg.
1802 5823 1830 5874 3.
1847 5821 1899 5874 840
1913 5823 1928 5874 i.
1943 5825 1968 5874 2.
1982 5823 2034 5874 862
2047 5839 2061 5874 4
2075 5852 2109 5862 -
2124 5825 2238 5890 legitime

300 5937 335 5950 -
349 5913 419 5964 Bona
430 5911 587 5964 matrimonii
602 5923 668 5974 pura
680 5913 766 5962 essent
779 5909 804 5958 in
818 5913 884 5960 statu
924 5909 976 5960 665
994 5921 1008 5958 4
1028 5921 1067 5974 sq.
1079 5935 1115 5944 -
1128 5913 1298 5974 praeceptum
1312 5911 1424 5962 cessavit
1442 5917 1558 5962 cessante
1600 5917 1761 5964 contractum
1779 5919 1817 5964 est
1836 5913 1971 5964 uinculum
1988 5913 2124 5964 insolubile
2139 5913 2171 5964 Ν
2185 5911 2231 5964 774

247 6001 408 6054 innocentiae
428 5999 460 6052 Ν
479 5999 531 6052 748
551 6013 564 6050 a
584 6025 620 6036 -
638 5997 792 6052 hlatrimonii
815 5995 882 6048 hona
924 5997 1053 6060 paucitate
1079 5997 1217 6048 hominum
1244 5995 1279 6050 ih.
1306 5997 1377 6048 44·-
1407 5997 1560 6050 44444444444
1600 5995 1628 6050 3*
1657 6027 1691 6038 -
1719 5999 1923 6066 inseparabilitas
1949 6003 1987 6052 est
2011 5999 2236 6052 consubstantialis

248 6105 296 6154 per
308 6093 442 6156 peccatum
462 6095 522 6142 sunt
541 6087 655 6140 admixta
669 6089 723 6140 suis
737 6087 885 6152 contrariis,
924 6091 1094 6152 praeceptum
1112 6099 1205 6136 omnes
1229 6083 1362 6150 obligabat
1385 6087 1412 6138 in
1436 6091 1503 6138 statu
1524 6089 1562 6140 in·
1599 6097 1623 6142 et
1643 6103 1805 6156 consequens
1824 6087 2030 6154 inseparabiliter
2048 6089 2082 6140 Ν
2100 6081 2153 6140 720
2172 6087 2202 6138 5*

246 6179 414 6242 inhonestati,
434 6177 530 6230 damno
549 6183 573 6228 et
593 6177 750 6230 tribulationi
764 6171 825 6228 iiii.
846 6189 884 6240 sn.
924 6175 1071 6248 nocentiae,
1092 6177 1265 6226 nuncautcm
1286 6185 1336 6222 non
1357 6187 1448 6226 omnes
1473 6171 1490 6228 il
1511 6177 1560 6228 488
1607 6169 1609 6174 ’
1664 6205 1702 6218 -
1727 6185 1773 6232 est·
1796 6191 1939 6230 consensus
1970 6177 2134 6228 indiuiduam
2165 6177 2234 6228 vitae

284 6269 398 6318 8—csl
417 6263 702 6336 sanctumetbouum,
722 6263 885 6334 quiaalico
924 6263 948 6316 d.
971 6265 984 6316 3
1004 6263 1172 6316 -Secundu
1185 6263 1309 6314 institutio
1325 6265 1482 6316 matrimonii
1497 6271 1561 6318 tem·
1600 6267 1815 6320 consuetudinem
1835 6273 1923 6318 tenens
1942 6267 1976 6318 Ν
1995 6267 2046 6318 600
2067 6265 2084 6316 4.
2104 6265 2119 6314 2
2140 6265 2236 6330 -Qui
2312 6251 2314 6258 ’

245 6363 284 6408 est
302 6357 445 6408 institutum
466 6359 492 6408 et
503 6353 716 6408 confirmatuma
736 6353 837 6406 Christo
851 6355 899 6406 Ν-
923 6367 987 6418 pore
999 6355 1064 6420 legis
1078 6353 1176 6420 gratiae
1188 6349 1280 6404 habuit
1292 6351 1494 6420 indulgentiam,
1509 6369 1560 6408 non
1600 6357 1725 6408 consentit
1742 6357 1768 6406 in
1796 6355 1990 6406 matrimonium
2021 6351 2052 6404 ad
2077 6365 2155 6404 omne
2173 6357 2235 6404 iem·

247 6445 295 6496 724
319 6445 335 6496 i.
356 6445 633 6498 2--444444444444
653 6441 757 6496 lviii
778 6441 795 6492 i.
815 6443 824 6492 4
848 6471 885 6480 -
923 6449 1094 6510 praeceptum
1112 6441 1146 6494 Ν
1160 6441 1212 6494 665
1231 6439 1257 6492 b.
1278 6439 1323 6492 674
1352 6441 1378 6492 d.
1400 6443 1423 6494 4.
1441 6441 1493 6496 754
1513 6447 1560 6498 tu
1599 6459 1706 6508 puseo
1733 6443 1833 6510 obligat
1859 6441 1895 6498 ab.
1919 6443 1935 6494 4.
1963 6443 2034 6494 3-
2052 6441 2123 6494 nullo
2153 6441 2232 6492 modo

246 6533 365 6590 estutile
383 6539 409 6586 44
428 6531 579 6586 honorabile
598 6533 696 6584 ratione
716 6531 824 6596 triplicis
842 6531 885 6582 bo·
923 6559 957 6570 —·
976 6531 1128 6586 llatcimonii
1157 6537 1324 6602 praeceptum
1350 6543 1401 6582 non
1428 6533 1561 6594 praeiudi·
1601 6539 1639 6586 est
1658 6531 1802 6584 secundum
1834 6539 1938 6598 tempus
1965 6529 1998 6584 44.
2018 6531 2044 6596 b,
2066 6529 2148 6582 2*-
2166 6531 2236 6582 Pote-

245 6623 287 6690 ni,
303 6621 348 6674 sod
362 6621 513 6674 honorabile
533 6621 639 6686 proprie
658 6627 766 6684 propter
785 6619 884 6672 bonum
923 6621 998 6674 cahat
1026 6621 1134 6672 libertati
1164 6631 1306 6672 consensus
1335 6619 1368 6670 IV
1397 6621 1448 6672 565
1479 6619 1506 6672 4*
1526 6649 1562 6660 -
1599 6627 1652 6672 stas
1669 6621 1788 6686 corporis
1805 6633 1857 6672 non
1877 6625 1962 6686 potest
1979 6619 2037 6672 dari
2063 6619 2096 6672 ad
2120 6625 2232 6682 tempus,

246 6711 320 6776 fidei,
338 6711 408 6764 ,utile
426 6715 534 6776 propter
558 6707 771 6782 bonumprolis,
791 6711 816 6760 et
840 6709 883 6762 ho·
922 6709 1094 6774 Praeceptum
1116 6707 1274 6760 matrimonii
1293 6719 1344 6758 non
1368 6705 1501 6774 obligabat
1526 6711 1560 6762 ad
1600 6711 1649 6762 nisi
1668 6709 1743 6762 detur
1760 6711 1911 6774 simpliciter
1929 6707 1964 6762 ih.
1984 6707 2013 6760 4*
2030 6735 2066 6746 -
2085 6707 2151 6766 Unio
2169 6705 2237 6756 solu·

245 6799 362 6852 norahile
380 6801 480 6852 ratione
503 6799 663 6852 sacramenti
688 6805 717 6852 ut
736 6795 885 6864 significan-
923 6811 1041 6864 semper,
1059 6797 1107 6850 sed
1131 6813 1181 6864 pro
1202 6797 1259 6850 loco
1279 6801 1303 6848 44
1327 6799 1446 6862 4444444
1470 6799 1558 6852 44488
1601 6799 1659 6852 bilis
1677 6811 1729 6852 non
1748 6803 1787 6852 est
1814 6797 2011 6851 matrimonialis
2038 6797 2072 6848 Ν
2091 6793 2144 6846 655
2162 6791 2179 6844 b
2199 6823 2234 6834 -

245 6887 290 6948 tis,
308 6887 368 6938 444444
381 6903 457 6952 uero,
478 6889 501 6940 in
516 6893 642 6954 quantum
663 6887 810 6940 remedium
825 6899 883 6954 pec·
923 6885 948 6938 4.
968 6887 993 6940 3.
1012 6887 1047 6940 Ν
1064 6885 1116 6938 665
1136 6885 1165 6938 3*
1600 6901 1652 6942 444
1671 6891 1756 6954 potest
1775 6887 1929 6942 commutari
1950 6885 1983 6938 Ν
2003 6885 2053 6938 822
2074 6879 2103 6936 5*
