5808 8400
359 599 422 668 372
1183 595 1297 662 INDEX
1320 593 1513 662 SECUNDUS

647 685 699 738 444
2012 687 2067 740 unt

412 773 998 840 -Patriseti'iliinonestunitaspersonalis
1041 805 1043 808 -
1094 801 1126 812 -·
1148 773 1242 824 reflexa
1262 787 1341 838 supra
1360 787 1389 824 se
1402 773 1606 836 reduplicatione
1620 787 1676 840 per·
1700 767 1761 826 'sed
1781 787 1833 826 non
1851 773 2005 838 simpliciter
2023 777 2030 824 4
2051 773 2102 826 544
2123 773 2195 826 b—
2212 773 2252 826 Ad
2273 775 2352 826 unita·

359 877 413 932 qua
431 865 481 914 sint
499 877 597 930 unum,
616 861 664 914 sed
686 877 737 930 qua
764 863 903 926 uniuntur,
932 875 999 926 quae
1038 859 1104 914 tecta
1130 861 1274 924 triplicatur
1295 861 1443 914 seeundum
1471 863 1611 926 rationem,
1641 875 1677 914 re·
1713 867 1766 914 tem
1784 863 1926 928 requiritur
1946 861 2113 914 conformitas
2136 863 2160 912 in
2192 869 2295 928 natura,
2324 871 2352 916 ut

360 959 401 1006 est
418 967 530 1016 persona
559 953 671 1016 Spiritus
701 953 781 1004 sancti
808 953 816 1002 l
847 949 955 1002 eoo-d.
983 947 999 1000 4
1033 961 1148 1000 4444444
1165 963 1218 1000 une
1236 949 1384 1002 secundnm
1403 951 1538 1002 veritatem
1559 951 1568 1002 4
1587 947 1656 1002 544)
1713 957 1753 1002 444
1771 951 1929 1014 operationis
1949 951 2106 1014 principium
2126 947 2160 1002 44.
2187 947 2214 1000 2*
2242 975 2278 988 -
2305 951 2352 1002 Vir

365 1037 427 1094 Vide
450 1041 480 1094 V.
497 1039 615 1108 Spiritus
635 1041 867 1094 suiectus-nectes.
1091 1067 1124 1076 -
1144 1035 1216 1088 Unus
1235 1037 1312 1088 dehet
1332 1051 1390 1090 esse
1403 1039 1448 1102 qui
1461 1037 1560 1092 reducit
1574 1037 1605 1090 ed
1620 1037 1675 1090 uni·
1713 1049 1774 1088 cum
1793 1053 1875 1092 tinore
1894 1043 1977 1100 petest
1998 1037 2046 1088 dici
2068 1051 2148 1090 unum
2168 1035 2203 1090 44.
2222 1037 2240 1088 l.
2259 1039 2282 1104 3,
2303 1037 2321 1090 b

413 1157 445 1166 -
466 1131 654 1194 approprietur
672 1127 747 1192 44444,
771 1133 798 1178 44
827 1127 888 1180 dicit
913 1127 999 1192 primi·
1037 1129 1116 1178 tatem
1136 1123 1164 1176 444
1184 1123 1254 1178 leh
1382 1167 1384 1170 .
1765 1127 1971 1192 -Quecsunt
1993 1127 2119 1178 nnumin
2149 1131 2240 1178 natura
2264 1131 2288 1178 et
2307 1139 2351 1178 ro·

359 1223 436 1272 tatem
458 1217 579 1282 45494,
600 1215 688 1268 4*-
714 1221 742 1268 44
772 1217 833 1268 dicit
858 1217 999 1268 violentas
1091 1239 1127 1252 -
1145 1215 1167 1264 si
1183 1217 1254 1264 esset
1275 1215 1300 1266 in
1322 1213 1434 1280 mundo,
1455 1227 1505 1264 non
1524 1221 1592 1266 esset
1609 1211 1676 1268 ordo
1712 1213 1811 1266 lentate
1824 1213 1946 1266 dicuntur
1958 1227 2040 1266 unum
2054 1227 2151 1280 eorpus
2162 1221 2190 1266 et
2201 1227 2252 1266 una
2265 1217 2351 1268 anima

343 1307 576 1372 conformitatem,
591 1305 999 1370 appropriaturSpirituisancto
1038 1315 1087 1354 nec
1105 1303 1229 1368 perfectio
1249 1315 1296 1354 uec
1316 1301 1466 1368 pulcritudo
1484 1303 1503 1352 ll
1523 1301 1555 1352 40
1586 1301 1613 1354 3*
1642 1329 1677 1340 -·-
1713 1301 1883 1354 454444-
1901 1301 2017 1352 llembre
2035 1301 2130 1356 Christi
2156 1315 2207 1354 non
2228 1301 2351 1356 dicuntur

359 1391 393 1448 ih.
415 1393 442 1446 4*
1038 1391 1063 1442 44
1093 1391 1218 1442 creaturis
1241 1403 1293 1442 non
1322 1395 1407 1454 potest
1434 1391 1512 1446 simul
1535 1391 1675 1444 coexistere
1712 1403 1794 1442 unum
1816 1391 1974 1454 simpliciter,
1997 1389 2041 1442 sed
2063 1403 2256 1455 unumcorpus
2275 1391 2282 1440 l
2300 1391 2351 1442 546

411 1483 484 1534 -ln
498 1481 586 1534 dtvrna
601 1481 743 1534 hierarchia
758 1483 843 1535 stcest
857 1481 999 1546 pluralitas
1038 1493 1099 1532 cum
1117 1477 1210 1532 ordine
1228 1487 1253 1532 et
1271 1479 1444 1544 pulcritudine
1462 1481 1480 1530 ll
1500 1479 1594 1532 2564*
1616 1477 1676 1532 Vide
1713 1475 1795 1528 4*--
1816 1481 1926 1544 Spiritus
1946 1479 2351 1544 sanetusunitiustcsduantnm

359 1577 387 1624 44
407 1579 490 1622 444444
518 1583 569 1622 444
591 1569 693 1622 tollatur
716 1571 819 1622 unitatis
848 1569 999 1634 simplicitas
1043 1567 1072 1620 V.
1093 1565 1221 1622 Mundus.
1712 1565 1744 1618 ad
1765 1567 1941 1632 voluntatem,
1961 1565 2079 1620 sednon
2099 1571 2226 1634 quantum
2246 1567 2351 1620 adcon·

358 1661 376 1712 ll
398 1659 448 1712 238
470 1673 482 1708 a
501 1685 538 1698 -
555 1673 608 1718 pon
627 1657 789 1720 praeiudicat
815 1657 931 1718 trinitati,
953 1655 999 1708 sed
1094 1685 1126 1694 -
1146 1655 1231 1708 linum
1252 1669 1302 1708 non
1323 1661 1408 1722 petest
1433 1655 1484 1708 dici
1511 1655 1542 1706 de
1572 1659 1623 1708 Deo
1651 1661 1676 1706 44
1712 1655 1868 1708 formitatem
1889 1659 1996 1706 naturae
2015 1653 2048 1708 44.
2069 1653 2095 1706 3*
2114 1655 2234 1706 -Unio
2255 1669 2350 1722 magna

359 1751 460 1814 spectat
478 1745 510 1798 ad
534 1747 721 1810 perlectionem
746 1747 864 1798 trinitatis
882 1743 945 1798 ibid.
966 1771 1000 1784 -
1038 1751 1158 1798 ereatura
1176 1745 1185 1796 l
1206 1743 1291 1796 5464
1317 1773 1352 1784 -
1377 1745 1445 1796 inter
1463 1745 1544 1798 Deum
1565 1751 1590 1798 et
1607 1759 1676 1796 crea·
1712 1745 1793 1794 estin
1815 1757 1924 1808 corpore
1945 1741 2037 1796 Christi
2057 1749 2186 1812 quantum
2200 1743 2233 1796 ad
2253 1745 2352 1796 confor-

362 1835 400 1888 sic
417 1841 456 1886 est
474 1837 498 1886 in
519 1835 582 1902 Deo,
602 1841 630 1888 ut
650 1841 734 1886 tumen
754 1837 787 1886 sit
804 1847 909 1888 summa
927 1831 1000 1886 boni·
1039 1841 1124 1886 turam
1145 1847 1196 1886 non
1216 1839 1300 1898 potest
1320 1847 1378 1886 esse
1391 1835 1474 1886 unitas
1487 1835 1676 1886 univocationis
1712 1835 1829 1884 mitatem
1847 1835 2014 1886 allectionem
2038 1833 2141 1884 444044
2168 1831 2199 1884 3*
2224 1859 2262 1872 ·-
2287 1831 2351 1886 Con·

359 1931 413 1988 444,
431 1937 480 1988 per
498 1937 579 1990 quam
599 1929 636 1976 est
662 1925 774 1988 perfecta
799 1923 999 1976 communicatio
1039 1924 1056 1976 ll
1077 1925 1126 1976 608
1148 1923 1173 1974 d.
1193 1925 1257 1974 3—-
1271 1921 1377 1976 Creator
1391 1935 1442 1974 non
1462 1925 1500 1974 cst
1519 1935 1600 1976 unum
1614 1935 1674 1976 cum
1712 1921 1830 1974 fortuitas
1847 1921 1925 1974 unius
1946 1929 2052 1974 naturae
2076 1923 2136 1974 facit
2162 1923 2350 1974 connexionem

359 2019 385 2066 et
404 2011 537 2078 pluralitas
556 2025 729 2078 personarum
748 2009 808 2064 ibid.
828 2013 910 2062 -ln
929 2011 1000 2060 trini·
1038 2019 1156 2066 creatura
1185 2013 1283 2063 unitate
1310 2017 1417 2062 naturae
1448 2013 1455 2062 Ι
1482 2009 1533 2060 546
1563 2013 1581 2064 f.
1607 2011 1616 2060 4
1641 2037 1676 2048 -
1713 2009 1737 2058 in
1758 2011 1862 2062 caritate
1882 2015 1905 2060 at
1925 2011 2010 2074 ipsam
2029 2009 2137 2062 adiuret
2156 2011 2175 2062 ll
2196 2009 2246 2062 242
2266 2011 2318 2062 43

363 2105 414 2154 4444
425 2107 451 2154 44
465 2101 561 2152 unitate
575 2099 690 2152 consistit
700 2099 850 2152 omnimoda
860 2104 886 2152 44
896 2111 997 2150 summa
1039 2101 1107 2152 nulla
1128 2099 1251 2150 naturalis
1279 2099 1410 2152 intercidit
1432 2099 1498 2150 inter
1526 2097 1674 2150 Creatorem
1766 2123 1800 2136 -
1821 2099 1877 2150 44444
1892 2111 1943 2148 444
1957 2103 2067 2162 possunt
2079 2099 2110 2150 ita
2126 2099 2176 2150 dici
2192 2111 2271 2150 unum
2285 2101 2352 2154 sicut

361 2189 486 2256 perfectio
504 2187 567 2242 ibid.
592 2185 653 2242 Vide
671 2185 699 2240 V.
715 2183 851 2254 44444424,
866 2183 911 2244 26
928 2191 956 2240 44
971 2187 999 2240 V.
1040 2195 1065 2240 et
1085 2193 1229 2240 creaturam
1253 2195 1361 2254 propter
1390 2189 1529 2240 maximam
1557 2189 1676 2240 ditieren·
1712 2183 1801 2238 bonif
1823 2185 1873 2238 544
1894 2185 1917 2250 u,
1939 2183 1967 2238 2*

363 2273 726 2346 04444444-4444-4444444444.
1036 2279 1100 2338 ¹tiam
1118 2279 1145 2328 in
1164 2281 1276 2342 natura,
1306 2275 1354 2330 sed
1373 2279 1484 2328 maxima
1512 2285 1677 2342 potestesse
1766 2301 1800 2312 ·-
1822 2275 1965 2326 dilectionis
1984 2273 2064 2330 debet
2087 2289 2146 2330 esse
2174 2277 2200 2328 in
2225 2275 2352 2330 membris

412 2393 448 2404 -
469 2367 516 2416 ier
534 2363 715 2418 omnimodam
740 2367 865 2418 unitatem
894 2367 918 2416 in
945 2365 999 2418 Deo
1039 2367 1122 2418 unitas
1143 2371 1251 2430 propter
1270 2365 1429 2418 influentiam
1443 2369 1469 2416 44
1486 2371 1621 2418 creaturae
1634 2379 1675 2416 su·
1713 2361 1806 2414 Christi
1822 2377 1869 2428 per
1883 2363 2089 2418 conformitatem
2102 2363 2137 2416 ad
2150 2377 2281 2418 summam
2295 2367 2352 2418 uni-

359 2459 399 2508 est
416 2467 520 2506 summa
541 2453 690 2520 pulcritudo
702 2453 727 2516 ll
746 2453 780 2504 40
800 2453 829 2504 3*
847 2481 881 2492 -
900 2453 926 2504 44
945 2453 999 2506 044
1037 2455 1219 2506 stentationem
1238 2453 1267 2506 444
1287 2453 1338 2506 463
1358 2451 1388 2504 4*
1409 2451 1471 2506 Vide
1494 2453 1523 2504 V.
1542 2453 1676 2508 Greutura
1713 2459 1791 2504 tatem
1811 2453 1820 2504 4
1842 2453 1892 2504 499
1912 2451 1929 2504 4.
1952 2453 1961 2504 4
1984 2459 2058 2506 -et
2077 2453 2244 2506 conformitas
2262 2457 2352 2508 volun·

361 2547 386 2594 in
407 2555 509 2594 summa
530 2545 627 2596 unitate
646 2549 684 2594 est
704 2543 769 2594 ordo
797 2549 822 2596 et
851 2541 1000 2608 pulcritudo
1037 2543 1140 2598 -reiuie
1157 2541 1194 2594 ud
1211 2543 1306 2596 ileum.
1335 2571 1368 2580 -·
1397 2543 1430 2594 Ex
1460 2543 1513 2594 Deo
1536 2547 1563 2594 et
1590 2543 1674 2594 anima
1713 2543 1794 2594 tatum
1816 2541 1945 2594 bonarum
1964 2543 2035 2594 venit
2054 2557 2085 2596 er
2103 2543 2202 2596 unitate
2219 2547 2319 2596 amoris
2331 2545 2350 2596 44

359 2633 378 2684 44
398 2631 448 2684 256
470 2629 500 2684 4*
1039 2645 1089 2684 444
1109 2637 1194 2698 potest
1214 2633 1269 2684 lieri
1286 2645 1370 2686 unum
1397 2645 1443 2696 per
1466 2633 1674 2684 informationem
1714 2629 1765 2680 838
1784 2631 1801 2682 f.
1822 2629 1836 2682 4
1855 2631 2076 2684 -voluntatum
2094 2631 2154 2684 facit
2173 2631 2349 2684 adunitatem

413 2747 447 2760 -
466 2723 492 2772 44
512 2721 565 2774 044
586 2735 637 2774 444
658 2723 912 2774 connotatellectum
925 2721 934 2772 4
949 2721 998 2772 393
1038 2723 1046 2774 4
1065 2723 1116 2774 293
1136 2723 1154 2774 f.
1172 2723 1188 2772 3
1318 2741 1319 2744 ¹
1714 2719 1785 2784 pacis
1804 2725 1830 2770 44
1847 2719 1976 2770 societatis
1989 2725 2016 2772 et
2027 2719 2128 2772 ordinis
2143 2721 2350 2774 conservandam

360 2825 415 2876 arg.
435 2811 450 2860 3
1090 2839 1125 2850 -
1145 2811 1169 2862 44
1190 2809 1291 2864 Christo
1311 2811 1380 2864 nulle
1401 2815 1440 2862 est
1459 2811 1542 2862 unitas
1568 2817 1675 2864 naturae
1713 2807 1731 2858 ll
1753 2807 1798 2858 254
1826 2805 1851 2858 4*

413 2927 447 2936 -
467 2901 580 2962 perfecte
601 2903 626 2950 44
645 2899 756 2952 increata
778 2911 828 2950 non
848 2903 887 2950 est
906 2899 1001 2962 princi·
1040 2899 1144 2952 divinae
1163 2903 1188 2952 44
1207 2903 1339 2952 humanae
1357 2899 1386 2954 444
1408 2899 1457 2950 463
1476 2913 1489 2950 4
1511 2901 1585 2950 -44
1604 2897 1677 2952 Chri·
1766 2925 1800 2934 ..
1822 2895 1936 2948 Membra
1957 2899 2076 2964 corporis
2093 2897 2197 2964 mystici
2215 2899 2352 2950 44444444-

361 2989 433 3052 piutn
454 2987 624 3058 intrinsecum
644 2987 817 3038 multitudinis
837 2989 845 3038 4
864 2987 915 3038 422
936 2985 966 3038 4*
1040 2995 1080 3040 444
1098 2993 1137 3040 444
1157 3001 1238 3052 parva
1259 2991 1344 3040 unitas
1361 2993 1470 3040 naturae
1488 2993 1676 3052 expartecor·
1713 2999 1771 3038 cem
1790 2987 1860 3038 unita
1890 2997 1938 3050 per
1964 2987 2063 3040 donum
2091 2987 2252 3052 increatum,
2279 2987 2352 3054 quod

414 3101 448 3112 -
469 3073 507 3126 Ab
528 3089 581 3128 uuo
600 3089 652 3126 non
677 3075 796 3138 procedit
815 3077 862 3128 nisi
889 3077 998 3128 unuml
1039 3079 1109 3140 poris
1130 3083 1238 3142 propter
1256 3079 1370 3142 partium
1391 3075 1675 3142 multiplicitatem‚sed
1712 3083 1752 3126 est
1770 3063 1852 3126 uuum
1872 3075 1986 3126 etidem
2007 3077 2031 3128 in
2051 3073 2176 3128 omnibus
2195 3077 2202 3126 4
2222 3073 2273 3128 249
2298 3073 2350 3128 fl

361 3161 517 3230 4644444
542 3163 681 3216 -Unum
702 3165 916 3230 simplexpotest
939 3179 1000 3230 pro·
1039 3179 1136 3230 magna
1156 3169 1282 3230 quantum
1301 3165 1335 3216 ad
1355 3165 1470 3218 animam
1490 3171 1598 3230 propter
1625 3163 1675 3216 ani·
1711 3189 1747 3200 -
1767 3163 1791 3214 44
1813 3161 1946 3216 nobisesi
1964 3165 2133 3224 conformitas
2151 3163 2352 3230 voluntatisper

361 3253 458 3306 ducere
477 3251 557 3304 multa
577 3253 596 3306 44
614 3251 648 3302 39
669 3251 685 3302 f.
706 3253 721 3302 3
738 3249 996 3318 Vertamocorii,
1040 3267 1098 3306 mae
1116 3251 1308 3318 simplicitatem
1328 3251 1391 3308 ibid.
1408 3279 1443 3292 --
1471 3255 1496 3304 44
1517 3251 1618 3306 Christo
1639 3257 1676 3304 est
1714 3251 1814 3302 donum
1833 3251 1893 3318 044,
1911 3251 1983 3318 ntrod
2005 3253 2060 3304 unit
2078 3265 2126 3304 nos
2145 3253 2152 3302 4
2173 3251 2224 3304 204
2244 3253 2269 3306 d.
2289 3251 2307 3304 5

359 3335 444 3394 4644
469 3341 496 3392 V.
514 3339 668 3396 Multitudo.
693 3369 728 3378 -··
753 3341 830 3406 Quod
856 3343 881 3392 in
908 3353 936 3392 se
962 3347 999 3394 est
1038 3355 1142 3396 summa
1171 3345 1255 3394 unitas
1276 3351 1383 3396 naturae
1402 3348 1530 3410 quantum
1553 3343 1588 3394 ed
1613 3343 1676 3396 diri·
1767 3369 1802 3378 —
1831 3341 1878 3392 Vir
1904 3341 1989 3392 iustus
2016 3353 2077 3392 cum
2105 3341 2158 3394 Deo
2188 3347 2273 3406 petest
2302 3343 2351 3394 dici

360 3443 442 3482 tinum
463 3435 486 3482 et
504 3427 539 3482 ab
557 3430 614 3482 aliis
630 3429 779 3482 distinctum
799 3439 883 3494 potest
904 3429 999 3482 habere
1038 3436 1236 3483 namnetorum
1257 3437 1364 3496 propter
1393 3431 1460 3488 illius
1486 3437 1593 3484 naturae
1616 3433 1674 3482 sim-
1713 3443 1781 3480 unus
1799 3431 1912 3494 spiritus,
1933 3431 1994 3494 quia
2015 3431 2091 3504 unius
2109 3437 2136 3482 et
2153 3431 2294 3482 conformis
2307 3443 2352 3482 ro·

359 3519 484 3570 rationem
499 3519 627 3582 generalis
640 3523 666 3570 44
677 3521 786 3572 motoris
804 3527 924 3584 respectu
945 3519 999 3570 illo·
1038 3521 1178 3584 plicitatem
1199 3521 1523 3584 superexcellentissimam
1549 3517 1611 3572 idid.
1640 3545 1675 3556 -·-
1713 3517 1818 3570 luntatis
1836 3523 1874 3570 est
1894 3515 1970 3570 4546
1992 3517 2018 3584 b,
2045 3517 2073 3568 4*
2095 3547 2130 3556 ·-
2147 3519 2203 3584 Qui
2227 3521 2351 3572 adhaeret

359 3619 417 3658 rum
437 3607 465 3658 444
485 3605 531 3658 594
555 3605 573 3658 b
1038 3623 1107 3674 quae
1125 3613 1165 3662 est
1183 3611 1210 3660 in
1229 3607 1332 3662 Christo
1350 3623 1400 3674 per
1417 3611 1625 3674 convenientiam
1650 3609 1674 3658 in
1713 3607 1767 3660 Deo
1779 3611 1818 3660 est
1831 3609 2077 3672 unusspiritusper
2089 3607 2295 3662 conformitatem
2308 3621 2352 3662 vo·
2381 3629 2384 3634 ·

410 3721 444 3732 -
466 3695 998 3762 Deusestunum,quoestunumquid-
1037 3711 1164 3764 persona,
1189 3699 1342 3762 simpliciter
1369 3697 1502 3764 loquendo
1529 3705 1569 3752 est
1595 3709 1675 3762 super
1712 3695 1913 3748 4444444852
1935 3695 1950 3746 4.
1970 3695 2043 3748 4.444
2065 3695 2115 3748 664
2141 3709 2155 3748 4
2179 3725 2214 3736 -
2244 3699 2351 3762 spiritus

340 3783 424 3852 naid
442 3785 507 3836 est'l
534 3779 584 3836 450
611 3797 668 3848 arg.
698 3785 714 3836 2
741 3811 777 3824 ·-
803 3787 890 3836 omnis
917 3791 956 3838 cst
985 3799 998 3836 4
1038 3801 1129 3840 omnes
1149 3787 1260 3840 unitates
1288 3795 1389 3840 creatas
1415 3801 1539 3852 suprema
1569 3791 1676 3854 propter
1714 3799 1764 3836 non
1783 3785 1907 3852 importat
1931 3785 1979 3836 nisi
2010 3785 2217 3838 conformitatem
2246 3785 2351 3838 affectus

358 3873 443 3938 prima
464 3875 558 3926 unitate
579 3875 586 3926 4
607 3863 659 3924 544
677 3887 735 3938 arg.
754 3875 817 3926 3.tt
832 3873 882 3926 864
899 3875 917 3926 4.
935 3873 999 3924 3-
1030 3885 1165 3942 ‘personae
1196 3877 1402 3942 simplicitatem,
1432 3881 1540 3942 propter
1569 3883 1675 3930 naturae
1713 3875 1821 3926 humani
1840 3875 1872 3926 ad
1894 3873 2010 3926 divinem
2028 3875 2193 3928 voluntatem
2213 3873 2221 3924 4
2240 3875 2290 3926 546
2312 3873 2340 3926 2*

361 3963 445 4014 omnis
474 3961 506 4014 ad
536 3963 648 4028 primam
677 3965 802 4014 unitatem
825 3963 996 4016 reducitur!
1037 3965 1193 4018 assumentis
1206 3971 1230 4018 44
1242 3971 1374 4018 assumtae
1389 3965 1552 4016 excellentem
1569 3965 1675 4030 dignita·
1767 3991 1800 4004 -
1821 3965 1980 4016 sacramenti
1999 3965 2065 4016 'sive
2092 3965 2159 4030 signi
2189 3971 2226 4016 est
2256 3965 2352 4016 modus

360 4049 497 4102 lota-
518 4051 588 4104 Deus
606 4063 675 4104 unus
694 4053 821 4116 imprimit
841 4053 998 4106 unitateml
1037 4059 1104 4122 tem,
1135 4060 1242 4118 propter
1270 4055 1401 4106 unitorum
1428 4051 1674 4118 inseparabilitatem
1712 4053 1833 4118 specialis
1850 4053 1956 4106 unitatis
1974 4053 2003 4104 444
2015 4053 2118 4106 ·.8964
2133 4051 2164 4105 lV
2179 4051 2224 4104 584
2246 4051 2273 4106 4*
2288 4049 2352 4106 Vide

361 4139 440 4192 4544.
461 4139 547 4192 44-
566 4141 636 4194 Deus
657 4141 781 4192 unitatem
800 4139 846 4194 dat
864 4139 1000 4194 aflectibus
1037 4148 1062 4194 et
1082 4149 1188 4208 propter
1208 4143 1309 4196 unionis
1329 4141 1533 4208 singularitatem
1552 4139 1612 4196 ibid.
1634 4157 1672 4208 sq.
1716 4139 1746 4192 V.
1766 4137 2021 4196 sanementeuitt.

359 4229 414 4280 suis
431 4241 480 4280 nec
497 4233 585 4292 potest
575 4229 998 4294 flaueresinehaclbiiiarg.3
1091 4259 1124 4270 -
1145 4245 1274 4296 personae
1291 4233 1317 4282 in
1337 4229 1439 4284 Christo
1467 4231 1595 4284 antecedit
1622 4231 1676 4284 uni·
1766 4257 1800 4268 -
1819 4229 1905 4282 Unum
1923 4229 2226 4292 propteralterumoide
2244 4229 2272 4282 4.
2284 4193 2352 4286 Pro-

358 4361 359 4364 ,
411 4315 557 4370 -Omnia
579 4323 666 4370 creata
694 4323 753 4370 sunt
782 4331 863 4370 unum
892 4323 1000 4384 propter
1037 4325 1116 4372 tatem
1137 4325 1244 4370 naturae
1264 4325 1395 4372 assumtae
1412 4319 1442 4370 444
1457 4317 1674 4386 4633-4444
1710 4319 1779 4386 pier.

359 4407 460 4458 Patrem
480 4409 507 4456 ut
527 4419 633 4458 causam
653 4405 789 4460 formalem
816 4413 843 4460 et
870 4407 998 4472 exempla·
1037 4413 1078 4460 est
1104 4411 1128 4460 in
1150 4405 1259 4472 Christo,
1290 4421 1342 4460 non
1367 4407 1474 4460 resultat
1501 4421 1531 4460 ert
1559 4409 1674 4472 partium
1766 4433 1799 4444 ·-
1828 4409 1941 4464 effeetus
1967 4411 2055 4460 noster
2084 4405 2180 4462 fastidit
2211 4421 2292 4462 unum
2323 4409 2350 4460 444

357 4505 417 4546 rem
437 4493 583 4548 secundum
605 4507 661 4548 rem
680 4501 706 4548 44
723 4497 963 4562 appropriationem
989 4487 1011 4546 l*
1040 4497 1222 4550 constitutione
1241 4493 1275 4550 ie.
1294 4495 1323 4548 2*
1343 4523 1376 4534 ·-
1396 4496 1567 4562 llultiplicitas
1586 4499 1610 4550 in
1634 4511 1674 4548 na·
1713 4495 1765 4548 809
1784 4495 1809 4548 d.
1830 4495 1845 4546 5

357 4581 409 4636 549
428 4581 458 4634 4*
1040 4589 1097 4638 iura
1116 4587 1143 4638 in
1161 4583 1263 4638 Christo
1282 4599 1334 4638 non
1353 4591 1482 4650 repugnat
1510 4587 1598 4638 unitati
1618 4599 1674 4652 per·
1765 4611 1799 4658 -ε-
1817 4589 1856 4638 444
1875 4587 1900 4636 44
1919 4585 1973 4636 vita
1993 4585 2196 4650 contemplativa
2215 4585 2232 4638 ll
2254 4585 2304 4640 243
2322 4583 2350 4638 3*

410 4699 443 4710 -
464 4673 555 4724 [lirina
571 4673 699 4738 sapientia
721 4673 951 4726 multiformitatem
965 4673 998 4726 ad
1037 4689 1116 4728 sonae
1136 4671 1214 4740 ibid.‚-
1229 4671 1258 4724 4*
1281 4671 1344 4728 Vide
1367 4673 1396 4724 V.
1414 4671 1536 4728 4444444444
1553 4671 1586 4730 5.
1765 4673 1921 4728 4444444444
1942 4701 1975 4710 ·-
1994 4675 2073 4726 estin
2086 4673 2198 4740 naturis
2210 4687 2277 4742 quae
2290 4681 2349 4728 sunt

358 4761 482 4814 unitatem
501 4761 604 4816 reducit
615 4761 634 4814 44
649 4761 817 4814 oieb-tn
832 4761 999 4814 ascendendo
1091 4793 1125 4802 -
1157 4761 1274 4816 Christus
1301 4769 1340 4814 est
1367 4775 1450 4816 unum
1483 4777 1581 4828 eorpus
1613 4775 1674 4816 cum
1712 4763 1736 4812 44
1751 4775 1848 4826 genere
1859 4763 2032 4816 determinato
2051 4763 2060 4814 4
2080 4763 2131 4816 358
2151 4763 2282 4816 i.5--et
2294 4777 2350 4828 par·

359 4847 391 4902 ad
411 4851 533 4914 superius
551 4855 591 4904 est
606 4857 687 4904 status
701 4855 726 4902 44
738 4851 855 4905 reductio
868 4851 903 4904 ed
915 4863 998 4904 unum
1037 4851 1164 4904 membris
1188 4853 1288 4904 ratione
1312 4853 1476 4904 hamanitatis
1506 4853 1673 4904 assumtael
1712 4851 1818 4904 ticulare
1836 4859 1887 4920 est,
1907 4851 1953 4904 ubi
1970 4857 2010 4904 est
2028 4853 2182 4916 compositio
2201 4857 2226 4904 44
2245 4853 2350 4904 dirersi-

358 4937 390 4990 iV
410 4937 498 4990 508b
524 4937 585 4994 Vide
610 4939 637 4994 V.
656 4937 809 4994 Melitene.
965 5009 968 5014 Ι
1037 4939 1137 4994 5464*
1711 4943 1749 4992 tas
1768 4941 1775 4990 4
1795 4939 1846 4992 446
1865 4955 1881 4994 a
1899 4965 1935 4978 -
1954 4955 2006 4992 non
2024 4945 2064 4992 444
2080 4943 2104 4992 44
2119 4939 2215 4994 divinis
2233 4943 2242 4994 l
2263 4939 2313 4992 354
2332 4943 2349 4994 4.

410 5053 444 5066 -
463 5035 501 5080 est
521 5031 558 5080 rei
578 5029 722 5082 essentialis
740 5037 765 5084 44
779 5033 834 5084 sine
847 5045 876 5084 aa
890 5043 932 5082 ras
947 5043 997 5082 non
1090 5057 1124 5068 --
1143 5029 1331 5082 conformitatis
1349 5043 1401 5082 non
1424 5037 1464 5084 ast
1490 5031 1516 5080 in
1544 5045 1597 5084 uno
1626 5043 1673 5082 nu·
1713 5029 1734 5092 t,
1757 5029 1780 5082 2.
1802 5027 1851 5082 442
1871 5041 1927 5094 arg.
1949 5029 1958 5078 4
1987 5027 2049 5082 Vide
2072 5029 2100 5082 4.
2119 5025 2261 5086 044428.

358 5123 441 5182 potest
467 5129 525 5170 esse
550 5133 598 5172 nac
623 5119 729 5184 intelligi
755 5117 896 5172 4444486
917 5115 996 5170 4*-
1040 5131 1121 5186 mero,
1141 5117 1187 5168 sad
1207 5117 1674 5186 inhisquibnscontingitaliiscon·
1763 5143 1799 5156 -
1817 5117 1983 5184 Universalis,
2004 5123 2030 5170 ut
2049 5117 2196 5170 universale
2219 5125 2273 5186 est,
2297 5133 2348 5172 una

358 5207 500 5258 essentialis
521 5219 571 5258 non
592 5207 677 5260 differt
694 5209 840 5260 secundum
858 5207 997 5260 essentiam
1038 5207 1146 5260 formari
1163 5207 1172 5258 l
1191 5207 1242 5260 544
1264 5205 1292 5258 4*
1308 5235 1346 5246 -
1364 5207 1512 5260 seeundum
1530 5207 1595 5274 quid
1613 5187 1673 5260 dici·
1710 5209 1748 5258 est
1768 5205 1827 5258 idea
1844 5207 1871 5258 in
1890 5205 1944 5258 Deo
1964 5207 1971 5256 4
1991 5207 2042 5258 640
2065 5203 2091 5258 4*

357 5295 742 5362 acreatura,sedsecundum
763 5297 935 5350 rationemet
954 5297 998 5348 ha·
1037 5301 1093 5364 tur,
1113 5309 1173 5348 cum
1194 5297 1290 5348 dieitur
1314 5309 1384 5348 tinus
1411 5297 1533 5362 spiritus,
1559 5301 1585 5348 et
1612 5295 1674 5348 dicit
1766 5321 1799 5334 ····
1819 5297 1951 5360 Quanfum
1969 5295 2004 5346 ed
2032 5297 2158 5348 rationem
2179 5297 2349 5360 simplicitatis

357 5381 502 5436 bitudinem
524 5385 543 5436 44
560 5387 627 5438 354
1040 5385 1076 5438 ibi
1102 5387 1225 5438 unitatem
1254 5399 1305 5438 non
1333 5399 1380 5450 per
1407 5383 1590 5438 indivisionem
1617 5387 1673 5436 sire
1711 5385 1795 5448 magis
1814 5381 1972 5436 assimilatur
1990 5383 2045 5436 Deo
2066 5385 2150 5450 magis
2165 5385 2313 5438 universale
2330 5385 2348 5438 44

410 5499 444 5508 -
464 5479 502 5526 444
522 5475 636 5528 conditio
657 5477 769 5526 maxime
789 5475 945 5528 universatis
975 5481 998 5526 et
1038 5475 1163 5528 unitatem
1181 5477 1301 5540 naturae,
1321 5473 1367 5528 sed
1394 5487 1440 5538 per
1466 5474 1671 5528 conformitatem
1712 5471 1794 5522 4424

356 5561 524 5624 intelligibilis
542 5563 551 5614 4
570 5561 734 5614 434-444
752 5563 778 5614 44
798 5561 877 5618 rebus
891 5563 997 5616 sensibi·
1036 5561 1203 5616 voluntatis‘l
1222 5561 1273 5616 546
1294 5561 1331 5616 li.
1350 5561 1402 5614 544
1421 5561 1438 5612 h
1456 5591 1492 5600 —
1510 5561 1582 5614 0444
1600 5573 1672 5612 crea·
1763 5561 1926 5614 uuivensnrs
1945 5589 1979 5598 —
2011 5559 2073 5616 Vide
2097 5561 2125 5614 4.
2150 5561 2349 5618 Numerus-se·

357 5647 426 5702 libus
443 5655 470 5700 et
488 5651 692 5714 intelligibilibus
711 5649 774 5704 444444.
1035 5657 1108 5704 turae
1127 5651 1263 5704 distinctae
1281 5663 1334 5702 non
1346 5657 1457 5716 possunt
1474 5651 1571 5704 habere
1590 5651 1672 5702 unita·
1709 5647 1856 5716 peneries.
1917 5679 1919 5682 ·

411 5763 444 5774 ·-
464 5743 502 5790 est
522 5739 548 5788 44
566 5739 650 5790 rebus
668 5751 699 5790 ex
719 5747 792 5802 parte
811 5741 933 5804 principii
947 5741 998 5792 ier·
1036 5747 1089 5792 tem
1107 5739 1156 5792 nisi
1174 5753 1223 5804 per
1241 5739 1447 5792 conformitatem
1463 5739 1535 5790 4544
1548 5753 1605 5804 arg.
1619 5741 1671 5804 i‚a
1763 5737 1963 5792 Urtraasur—
1985 5737 2047 5792 Vide
2070 5739 2245 5798 Videndum

360 5824 434 5876 malis
453 5825 472 5876 44
492 5825 543 5876 293
563 5825 616 5876 44
1089 5855 1122 5866 -
1142 5825 1180 5878 444
1200 5829 1257 5892 hoc,
1286 5827 1358 5894 quod
1387 5827 1473 5892 aliqua
1502 5829 1551 5878 sint
1580 5825 1671 5894 unum,
1763 5827 1894 5882 Urtvocuu
1919 5855 1956 5864 —
1978 5825 2086 5882 Creator
2104 5837 2130 5884 44
2151 5837 2270 5882 creatura
2295 5843 2346 5882 non

411 5919 503 5966 -est
523 5913 676 5966 damtione
696 5915 798 5978 vestigii
827 5913 889 5966 445
908 5912 934 5966 d.
956 5915 996 5966 44.
1037 5927 1088 5968 444
1108 5915 1202 5966 sufficit
1222 5915 1389 5968 conformitas
1407 5915 1672 5980 voluntatissedne-
1710 5915 2340 5988 44444444444444444444444414424444

357 6003 390 6056 43
412 6017 434 6056 4.
454 6005 472 6056 44
491 6005 543 6056 293
562 6005 581 6056 4.
609 6003 633 6056 4.
654 6001 704 6056 558
725 6003 816 6068 armi
846 6031 879 6042 ·-
908 6005 996 6056 estin
1033 6017 1107 6056 cesse
1125 6009 1178 6066 est,
1208 6007 1386 6070 praesupponi
1414 6007 1620 6058 convenientiam
1646 6007 1671 6056 in
1710 6005 1737 6056 444
1758 6005 1809 6056 440
1829 6005 1920 6070 arg.3
1946 6003 2007 6058 Vide
2028 6005 2058 6060 V.
2087 6005 2233 6062 Commune
2261 6011 2285 6060 et
2317 6007 2346 6062 V.

356 6095 481 6146 creaturis
506 6095 532 6146 in
558 6095 754 6158 comparatione
784 6091 817 6146 ed
844 6095 940 6162 Deum,
971 6095 996 6146 in
1037 6099 1127 6146 natura
1147 6091 1268 6158 45464,
1288 6091 1671 6148 3*-iustidrcunturunum
1710 6091 1860 6148 344444444-
1867 6091 1952 6148 reluie
1927 6093 2007 6148 ind
2027 6095 2118 6150 Deum.
2139 6123 2171 6134 -
2192 6097 2346 6162 Temporale

357 6185 484 6248 quantuni
504 6183 657 6236 referuntur
674 6187 700 6234 44
728 6183 902 6236 assimilantur
926 6183 934 6234 4
962 6179 995 6236 43
1037 6185 1134 6236 4444444
1154 6183 1341 6236 conformitatis
1367 6183 1522 6248 voluntatiS,
1547 6197 1671 6248 pr·aesup
1709 6185 1733 6234 44
1745 6173 1888 6236 aeternum
1907 6197 1959 6236 non
1983 6183 2080 6236 dieitur
2103 6185 2217 6238 univoce
2241 6185 2270 6236 444
2294 6185 2345 6238 240
2391 6225 2393 6230 .

357 6269 461 6324 d.3-
426 6271 618 6336 respondet
633 6269 714 6324 modo
717 6285 781 6338 qur
795 6273 900 6338 resptctt
912 6271 996 6324 Deum
1038 6275 1120 6338 posite
1140 6273 1320 6324 convenientia
1349 6275 1373 6324 in
1401 6277 1491 6324 natura
1520 6269 1553 6326 dr.
1582 6269 1609 6326 3*
1637 6299 1671 6310 --
1710 6269 1734 6322 d
1755 6273 1772 6326 5

357 6367 383 6412 44
403 6371 508 6412 eausam
530 6359 684 6414 allicientem
715 6357 775 6412 44444
798 6359 913 6416 VideV.
939 6359 996 6416 Mo·
1036 6363 1115 6416 Recte
1134 6359 1257 6412 dicuntur
1275 6375 1356 6414 unum
1376 6373 1445 6428 quae
1463 6363 1620 6414 conveniunt
1646 6361 1671 6412 in
1763 6361 1903 6428 4444444444
1919 6387 1956 6400 -
1974 6363 2103 6428 Actiones,
2123 6375 2190 6430 quas
2209 6365 2268 6428 quis
2288 6361 2347 6416 iacit

356 6445 417 6500 dits.
434 6475 471 6488 -
488 6449 575 6500 Unum
595 6449 702 6512 respicit
722 6449 804 6500 Deum
824 6449 874 6502 sub
897 6449 996 6502 ratione
1034 6457 1125 6504 natura
1155 6453 1179 6500 44
1206 6449 1340 6504 voluntate
1368 6451 1375 6500 Ι
1405 6447 1456 6500 544
1484 6449 1500 6500 4.
1529 6451 1553 6514 2,
1584 6449 1611 6500 2*
1637 6475 1671 6488 -—
1709 6463 1739 6502 ex
1758 6449 1872 6518 quadam
1894 6449 2038 6504 urbanitate
2057 6451 2136 6516 civili,
2154 6465 2206 6504 non
2225 6453 2347 6506 videntur

356 6551 450 6590 causae
469 6539 604 6590 efficientis
622 6537 630 6588 l
650 6533 683 6588 43
703 6537 723 6590 b
1034 6539 1125 6592 Unum
1145 6539 1296 6602 simpliciter
1313 6539 1373 6592 facit
1391 6539 1671 6604 conformitassimpli·
1709 6551 1768 6592 esse
1785 6539 1869 6590 bonae
1889 6551 1937 6590 nec
1956 6539 2040 6590 444444
2057 6539 2077 6592 44
2096 6539 2147 6592 943
2166 6539 2183 6590 4.
2205 6539 2228 6590 6.
2249 6539 2300 6592 944
2321 6539 2337 6592 0

407 6641 475 6678 ——a
498 6629 609 6680 veritate
636 6631 663 6678 et
683 6625 812 6680 bonitate
827 6629 913 6680 diifert
939 6627 995 6680 sola
1033 6629 1101 6680 citer
1107 6641 1200 6694 ‚quae
1220 6629 1284 6678 444
1275 6641 1301 6678 m
1322 6631 1425 6692 natura,
1445 6629 1471 6680 44
1489 6629 1622 6681 voluntate
1646 6631 1671 6678 et
1763 6627 1898 6680 444444-
1915 6634 1954 6681 444
1972 6629 2141 6694 superfluitas
2158 6629 2288 6682 secundae
2308 6629 2345 6682 di·

356 6713 524 6768 relationem
544 6717 672 6768 creaturis
691 6715 710 6766 44
730 6715 780 6768 558
794 6731 852 6782 arg.
871 6717 996 6770 i-Ve·
1034 6719 1059 6768 in
1080 6717 1230 6782 operatione
1247 6713 1283 6768 46.
1301 6729 1374 6784 asq.
1710 6719 1834 6782 gestionis
1851 6719 1870 6770 44
1892 6715 1941 6770 449
1961 6731 2018 6782 arg.
2036 6719 2052 6770 2

355 6817 415 6856 rum
434 6807 624 6870 praesupponit
644 6817 727 6856 unum
752 6805 848 6858 444644
878 6807 895 6856 f.
922 6803 936 6856 4
962 6833 995 6842 -
1088 6805 1684 6872 -Quaesuntunuminnaturaetactionc
1762 6831 1796 6844 -
1815 6807 1909 6860 dicitur
1927 6819 1990 6858 sana
2010 6811 2037 6858 ut
2063 6809 2168 6872 signum
2198 6807 2343 6862 sanitatisl

356 6893 457 6946 Bonum
476 6905 583 6958 semper
602 6892 716 6948 redrtad
730 6895 855 6948 unitatem
869 6897 886 6946 ll
902 6893 951 6946 833
967 6893 994 6946 3*
1035 6899 1145 6962 possunt
1168 6893 1221 6946 dici
1248 6905 1332 6944 unum
1357 6907 1418 6948 cum
1441 6893 1684 6962 determinatione,
1709 6893 1760 6946 803
1780 6893 1817 6948 3*.
1837 6895 1920 6946 8344
