<?xml version="1.0" encoding="UTF-8"?>
<!DOCTYPE html PUBLIC "-//W3C//DTD XHTML 1.0 Transitional//EN"
    "http://www.w3.org/TR/xhtml1/DTD/xhtml1-transitional.dtd">
<html xmlns="http://www.w3.org/1999/xhtml" xml:lang="en" lang="en">
 <head>
  <title>
</title>
<meta http-equiv="Content-Type" content="text/html;charset=utf-8" />
  <meta name='ocr-system' content='tesseract 3.04.00' />
  <meta name='ocr-capabilities' content='ocr_page ocr_carea ocr_par ocr_line ocrx_word'/>
</head>
<body>
  <div class='ocr_page' id='page_1' title='image "./doctorisseraphi00italgoog/doctorisseraphi00italgoog_0510.png"; bbox 0 0 5784 8384; ppageno 0'>
   <div class='ocr_carea' id='block_1_1' title="bbox 834 531 2526 726">
    <p class='ocr_par' dir='ltr' id='par_1_1' title="bbox 834 531 2526 726">
     <span class='ocr_line' id='line_1_1' title="bbox 834 531 2526 726; baseline 0 -74"><span class='ocrx_word' id='word_1_1' title='bbox 834 673 887 726; x_wconf 58' lang='lat' dir='ltr'>W</span> <span class='ocrx_word' id='word_1_2' title='bbox 1215 531 1500 654; x_wconf 80' lang='lat' dir='ltr'><strong>sannunnllitlll</strong></span> <span class='ocrx_word' id='word_1_3' title='bbox 1523 585 1866 654; x_wconf 80' lang='lat' dir='ltr'><strong>ruinosormcnnull</strong></span> <span class='ocrx_word' id='word_1_4' title='bbox 2196 673 2247 724; x_wconf 79' lang='lat' dir='ltr'><strong>llll</strong></span> <span class='ocrx_word' id='word_1_5' title='bbox 2462 587 2526 652; x_wconf 84' lang='grc'>499</span> 
     </span>
    </p>
   </div>
   <div class='ocr_carea' id='block_1_2' title="bbox 548 759 2592 1352">
    <p class='ocr_par' dir='ltr' id='par_1_2' title="bbox 548 759 2592 1262">
     <span class='ocr_line' id='line_1_2' title="bbox 551 759 2529 828; baseline 0.001 -16"><span class='ocrx_word' id='word_1_6' title='bbox 551 761 596 812; x_wconf 93' lang='grc'>101</span> <span class='ocrx_word' id='word_1_7' title='bbox 624 759 650 812; x_wconf 86' lang='grc'>4*</span> <span class='ocrx_word' id='word_1_8' title='bbox 669 791 703 800; x_wconf 93' lang='grc'>-</span> <span class='ocrx_word' id='word_1_9' title='bbox 724 761 1187 824; x_wconf 83' lang='grc'>144444444141444444444144444-</span> <span class='ocrx_word' id='word_1_10' title='bbox 1276 769 1369 814; x_wconf 84' lang='grc'>-441</span> <span class='ocrx_word' id='word_1_11' title='bbox 1387 765 1496 828; x_wconf 75' lang='lat' dir='ltr'>simplex</span> <span class='ocrx_word' id='word_1_12' title='bbox 1514 767 1634 828; x_wconf 87' lang='lat' dir='ltr'><strong>respectu</strong></span> <span class='ocrx_word' id='word_1_13' title='bbox 1661 759 1861 812; x_wconf 86' lang='grc'>4444441105</span> <span class='ocrx_word' id='word_1_14' title='bbox 1949 759 2262 814; x_wconf 83' lang='grc'>-1441441144444444</span> <span class='ocrx_word' id='word_1_15' title='bbox 2291 775 2351 816; x_wconf 89' lang='lat' dir='ltr'>cum</span> <span class='ocrx_word' id='word_1_16' title='bbox 2378 761 2529 826; x_wconf 76' lang='lat' dir='ltr'>singulari!</span> 
     </span>
     <span class='ocr_line' id='line_1_3' title="bbox 550 845 2530 916; baseline 0.002 -16"><span class='ocrx_word' id='word_1_17' title='bbox 550 851 594 900; x_wconf 88' lang='lat' dir='ltr'><strong>sita</strong></span> <span class='ocrx_word' id='word_1_18' title='bbox 617 849 693 900; x_wconf 87' lang='grc'>4444441</span> <span class='ocrx_word' id='word_1_19' title='bbox 712 855 738 900; x_wconf 88' lang='grc'>41</span> <span class='ocrx_word' id='word_1_20' title='bbox 758 849 835 898; x_wconf 89' lang='lat' dir='ltr'><strong>semel</strong></span> <span class='ocrx_word' id='word_1_21' title='bbox 856 853 916 898; x_wconf 92' lang='lat' dir='ltr'><strong>sunt</strong></span> <span class='ocrx_word' id='word_1_22' title='bbox 935 861 996 900; x_wconf 85' lang='lat' dir='ltr'><strong>vera</strong></span> <span class='ocrx_word' id='word_1_23' title='bbox 1016 845 1077 902; x_wconf 80' lang='lat' dir='ltr'><strong>illd.</strong></span> <span class='ocrx_word' id='word_1_24' title='bbox 1097 875 1132 888; x_wconf 63' lang='grc' dir='ltr'>-ι-</span> <span class='ocrx_word' id='word_1_25' title='bbox 1144 861 1186 900; x_wconf 88' lang='lat' dir='ltr'>na·</span> <span class='ocrx_word' id='word_1_26' title='bbox 1223 863 1280 914; x_wconf 87' lang='lat' dir='ltr'><strong>erg.</strong></span> <span class='ocrx_word' id='word_1_27' title='bbox 1299 851 1323 902; x_wconf 92' lang='grc'>3.</span> <span class='ocrx_word' id='word_1_28' title='bbox 1343 853 1362 902; x_wconf 96' lang='grc'>11</span> <span class='ocrx_word' id='word_1_29' title='bbox 1382 851 1444 902; x_wconf 90' lang='grc'>551.</span> <span class='ocrx_word' id='word_1_30' title='bbox 1460 851 1476 902; x_wconf 83' lang='grc'>4</span> <span class='ocrx_word' id='word_1_31' title='bbox 1491 855 1574 902; x_wconf 83' lang='lat' dir='ltr'><strong>-est</strong></span> <span class='ocrx_word' id='word_1_32' title='bbox 1589 847 1732 912; x_wconf 90' lang='lat' dir='ltr'><strong>simplicior</strong></span> <span class='ocrx_word' id='word_1_33' title='bbox 1750 859 1860 900; x_wconf 89' lang='lat' dir='ltr'><strong>numero</strong></span> <span class='ocrx_word' id='word_1_34' title='bbox 1898 847 1948 898; x_wconf 88' lang='grc'>417</span> <span class='ocrx_word' id='word_1_35' title='bbox 1968 861 2023 912; x_wconf 89' lang='lat' dir='ltr'><strong>arg.</strong></span> <span class='ocrx_word' id='word_1_36' title='bbox 2044 849 2058 900; x_wconf 89' lang='lat'>3</span> <span class='ocrx_word' id='word_1_37' title='bbox 2076 875 2112 888; x_wconf 91' lang='lat'>-</span> <span class='ocrx_word' id='word_1_38' title='bbox 2133 851 2160 900; x_wconf 93' lang='lat' dir='ltr'>in</span> <span class='ocrx_word' id='word_1_39' title='bbox 2183 851 2307 914; x_wconf 78' lang='lat' dir='ltr'>singulari</span> <span class='ocrx_word' id='word_1_40' title='bbox 2333 857 2472 916; x_wconf 87' lang='lat' dir='ltr'><strong>generatur</strong></span> <span class='ocrx_word' id='word_1_41' title='bbox 2494 847 2530 902; x_wconf 75' lang='lat' dir='ltr'><strong>ili.</strong></span> 
     </span>
     <span class='ocr_line' id='line_1_4' title="bbox 548 933 2592 1004; baseline 0.001 -17"><span class='ocrx_word' id='word_1_42' title='bbox 548 937 665 988; x_wconf 85' lang='grc'>4444414</span> <span class='ocrx_word' id='word_1_43' title='bbox 692 935 783 986; x_wconf 87' lang='lat' dir='ltr'><strong>crealis</strong></span> <span class='ocrx_word' id='word_1_44' title='bbox 809 933 918 988; x_wconf 75' lang='lat' dir='ltr'><strong>admittit</strong></span> <span class='ocrx_word' id='word_1_45' title='bbox 946 935 1185 1000; x_wconf 89' lang='lat' dir='ltr'><strong>multiplicationem</strong></span> <span class='ocrx_word' id='word_1_46' title='bbox 1223 935 1300 988; x_wconf 76' lang='grc'>774</span> <span class='ocrx_word' id='word_1_47' title='bbox 1318 953 1374 1004; x_wconf 90' lang='lat' dir='ltr'><strong>arg.</strong></span> <span class='ocrx_word' id='word_1_48' title='bbox 1392 937 1452 1004; x_wconf 83' lang='lat' dir='ltr'>fi,7</span> <span class='ocrx_word' id='word_1_49' title='bbox 1897 933 1968 986; x_wconf 84' lang='lat' dir='ltr'>b·-</span> <span class='ocrx_word' id='word_1_50' title='bbox 1987 935 2042 986; x_wconf 89' lang='lat' dir='ltr'><strong>Non</strong></span> <span class='ocrx_word' id='word_1_51' title='bbox 2060 941 2198 1000; x_wconf 87' lang='lat' dir='ltr'><strong>generatur</strong></span> <span class='ocrx_word' id='word_1_52' title='bbox 2218 951 2357 992; x_wconf 89' lang='lat' dir='ltr'><strong>commune</strong></span> <span class='ocrx_word' id='word_1_53' title='bbox 2374 941 2423 992; x_wconf 88' lang='lat' dir='ltr'><strong>nist</strong></span> <span class='ocrx_word' id='word_1_54' title='bbox 2440 941 2530 992; x_wconf 88' lang='grc'>44444</span> <span class='ocrx_word' id='word_1_55' title='bbox 2591 965 2592 968; x_wconf 33' lang='lat'>¹</span> 
     </span>
     <span class='ocr_line' id='line_1_5' title="bbox 551 1019 2529 1092; baseline 0.002 -18"><span class='ocrx_word' id='word_1_56' title='bbox 551 1025 577 1074; x_wconf 94' lang='lat' dir='ltr'>lll</span> <span class='ocrx_word' id='word_1_57' title='bbox 599 1023 725 1074; x_wconf 78' lang='grc'>14241</span> <span class='ocrx_word' id='word_1_58' title='bbox 835 1057 843 1080; x_wconf 80' lang='grc'><em>,</em></span> <span class='ocrx_word' id='word_1_59' title='bbox 1274 1055 1311 1064; x_wconf 88' lang='grc'>-</span> <span class='ocrx_word' id='word_1_60' title='bbox 1328 1027 1415 1090; x_wconf 88' lang='lat' dir='ltr'><strong>magis</strong></span> <span class='ocrx_word' id='word_1_61' title='bbox 1433 1025 1530 1076; x_wconf 77' lang='lat' dir='ltr'><strong>recedit</strong></span> <span class='ocrx_word' id='word_1_62' title='bbox 1549 1023 1580 1076; x_wconf 86' lang='lat' dir='ltr'>ab</span> <span class='ocrx_word' id='word_1_63' title='bbox 1594 1023 1764 1076; x_wconf 86' lang='lat' dir='ltr'><strong>immensitate</strong></span> <span class='ocrx_word' id='word_1_64' title='bbox 1779 1035 1858 1088; x_wconf 89' lang='lat' dir='ltr'><strong>quam</strong></span> <span class='ocrx_word' id='word_1_65' title='bbox 1896 1019 1930 1074; x_wconf 84' lang='lat' dir='ltr'>in.</span> <span class='ocrx_word' id='word_1_66' title='bbox 1949 1019 1979 1072; x_wconf 98' lang='grc'>3*</span> <span class='ocrx_word' id='word_1_67' title='bbox 1996 1049 2032 1062; x_wconf 88' lang='grc'><strong>-</strong></span> <span class='ocrx_word' id='word_1_68' title='bbox 2051 1025 2316 1078; x_wconf 84' lang='grc'>4144444444444144</span> <span class='ocrx_word' id='word_1_69' title='bbox 2330 1027 2529 1092; x_wconf 87' lang='lat' dir='ltr'><strong>productionem</strong></span> 
     </span>
     <span class='ocr_line' id='line_1_6' title="bbox 601 1107 2528 1178; baseline 0.003 -18"><span class='ocrx_word' id='word_1_70' title='bbox 601 1139 636 1148; x_wconf 95' lang='lat'><em>-</em></span> <span class='ocrx_word' id='word_1_71' title='bbox 655 1119 694 1162; x_wconf 86' lang='lat' dir='ltr'>est</span> <span class='ocrx_word' id='word_1_72' title='bbox 710 1109 828 1174; x_wconf 88' lang='lat' dir='ltr'><strong>actualis,</strong></span> <span class='ocrx_word' id='word_1_73' title='bbox 846 1109 887 1160; x_wconf 90' lang='lat' dir='ltr'>vel</span> <span class='ocrx_word' id='word_1_74' title='bbox 908 1109 1083 1174; x_wconf 88' lang='lat' dir='ltr'><strong>possibilitatis</strong></span> <span class='ocrx_word' id='word_1_75' title='bbox 1104 1111 1185 1162; x_wconf 94' lang='grc'>11100</span> <span class='ocrx_word' id='word_1_76' title='bbox 1207 1115 1356 1176; x_wconf 76' lang='lat' dir='ltr'><strong>,pluralitas</strong></span> <span class='ocrx_word' id='word_1_77' title='bbox 1374 1119 1617 1178; x_wconf 80' lang='lat' dir='ltr'><strong>quantumcumque</strong></span> <span class='ocrx_word' id='word_1_78' title='bbox 1633 1123 1714 1174; x_wconf 85' lang='lat' dir='ltr'><strong>parva</strong></span> <span class='ocrx_word' id='word_1_79' title='bbox 1730 1107 1857 1162; x_wconf 73' lang='grc'>118545</span> <span class='ocrx_word' id='word_1_80' title='bbox 1896 1121 1976 1176; x_wconf 86' lang='lat' dir='ltr'><strong>quam</strong></span> <span class='ocrx_word' id='word_1_81' title='bbox 2000 1109 2036 1160; x_wconf 89' lang='lat' dir='ltr'>ad</span> <span class='ocrx_word' id='word_1_82' title='bbox 2060 1125 2117 1164; x_wconf 84' lang='lat' dir='ltr'><strong>esse</strong></span> <span class='ocrx_word' id='word_1_83' title='bbox 2141 1119 2168 1166; x_wconf 91' lang='lat' dir='ltr'>et</span> <span class='ocrx_word' id='word_1_84' title='bbox 2185 1117 2306 1178; x_wconf 86' lang='lat' dir='ltr'><strong>cognosci</strong></span> <span class='ocrx_word' id='word_1_85' title='bbox 2327 1117 2345 1166; x_wconf 99' lang='lat' dir='ltr'>ll</span> <span class='ocrx_word' id='word_1_86' title='bbox 2364 1113 2415 1166; x_wconf 90' lang='grc'>442</span> <span class='ocrx_word' id='word_1_87' title='bbox 2433 1129 2458 1166; x_wconf 89' lang='grc'>4.</span> <span class='ocrx_word' id='word_1_88' title='bbox 2477 1113 2528 1166; x_wconf 90' lang='grc'>443</span> 
     </span>
     <span class='ocr_line' id='line_1_7' title="bbox 549 1193 2244 1262; baseline 0.002 -12"><span class='ocrx_word' id='word_1_89' title='bbox 549 1197 626 1262; x_wconf 74' lang='grc'>1444.</span> <span class='ocrx_word' id='word_1_90' title='bbox 648 1195 710 1250; x_wconf 88' lang='lat' dir='ltr'><strong>Vide</strong></span> <span class='ocrx_word' id='word_1_91' title='bbox 733 1195 765 1248; x_wconf 90' lang='lat' dir='ltr'>V.</span> <span class='ocrx_word' id='word_1_92' title='bbox 781 1195 897 1250; x_wconf 75' lang='lat' dir='ltr'>Materia</span> <span class='ocrx_word' id='word_1_93' title='bbox 917 1193 961 1250; x_wconf 85' lang='grc'>48.</span> <span class='ocrx_word' id='word_1_94' title='bbox 1273 1201 1414 1252; x_wconf 89' lang='lat' dir='ltr'><strong>—Unum</strong></span> <span class='ocrx_word' id='word_1_95' title='bbox 1435 1201 1583 1254; x_wconf 84' lang='lat' dir='ltr'><strong>naturaliter</strong></span> <span class='ocrx_word' id='word_1_96' title='bbox 1603 1197 1731 1250; x_wconf 74' lang='lat' dir='ltr'><strong>antecedit</strong></span> <span class='ocrx_word' id='word_1_97' title='bbox 1748 1197 1828 1250; x_wconf 89' lang='lat' dir='ltr'><strong>multa</strong></span> <span class='ocrx_word' id='word_1_98' title='bbox 1849 1199 1857 1248; x_wconf 99' lang='lat' dir='ltr'><strong>l</strong></span> <span class='ocrx_word' id='word_1_99' title='bbox 1895 1193 1925 1248; x_wconf 91' lang='grc'>3*</span> <span class='ocrx_word' id='word_1_100' title='bbox 1946 1195 2008 1250; x_wconf 83' lang='lat' dir='ltr'><strong>Vide</strong></span> <span class='ocrx_word' id='word_1_101' title='bbox 2035 1197 2061 1250; x_wconf 90' lang='lat' dir='ltr'>V.</span> <span class='ocrx_word' id='word_1_102' title='bbox 2079 1197 2181 1256; x_wconf 87' lang='lat' dir='ltr'><strong>Forma</strong></span> <span class='ocrx_word' id='word_1_103' title='bbox 2200 1199 2244 1256; x_wconf 71' lang='lat' dir='ltr'>la.</span> 
     </span>
    </p>

    <p class='ocr_par' dir='ltr' id='par_1_3' title="bbox 585 1283 2528 1352">
     <span class='ocr_line' id='line_1_8' title="bbox 585 1283 2528 1352; baseline 0.005 -18"><span class='ocrx_word' id='word_1_104' title='bbox 585 1283 781 1336; x_wconf 89' lang='grc'>·-1444444444</span> <span class='ocrx_word' id='word_1_105' title='bbox 803 1283 998 1338; x_wconf 77' lang='lat' dir='ltr'><strong>substantialem</strong></span> <span class='ocrx_word' id='word_1_106' title='bbox 1018 1287 1186 1352; x_wconf 75' lang='lat' dir='ltr'><strong>consequitur</strong></span> <span class='ocrx_word' id='word_1_107' title='bbox 1224 1287 1269 1340; x_wconf 88' lang='grc'>491</span> <span class='ocrx_word' id='word_1_108' title='bbox 1295 1289 1311 1340; x_wconf 92' lang='lat' dir='ltr'>l.</span> <span class='ocrx_word' id='word_1_109' title='bbox 1328 1289 1355 1340; x_wconf 84' lang='lat'>3.</span> <span class='ocrx_word' id='word_1_110' title='bbox 1375 1289 1396 1340; x_wconf 96' lang='lat' dir='ltr'>V</span> <span class='ocrx_word' id='word_1_111' title='bbox 1419 1287 1498 1340; x_wconf 91' lang='grc'>1441.</span> <span class='ocrx_word' id='word_1_112' title='bbox 1511 1289 1537 1338; x_wconf 89' lang='grc'>8.</span> <span class='ocrx_word' id='word_1_113' title='bbox 1551 1287 1596 1338; x_wconf 89' lang='grc'>381</span> <span class='ocrx_word' id='word_1_114' title='bbox 1616 1285 1764 1348; x_wconf 85' lang='grc'>0-44444</span> <span class='ocrx_word' id='word_1_115' title='bbox 1776 1289 1814 1336; x_wconf 83' lang='grc'>441</span> <span class='ocrx_word' id='word_1_116' title='bbox 1827 1297 1857 1336; x_wconf 87' lang='grc'>44</span> <span class='ocrx_word' id='word_1_117' title='bbox 1944 1285 2413 1344; x_wconf 72' lang='grc'>-444444444444441444444444</span> <span class='ocrx_word' id='word_1_118' title='bbox 2435 1303 2528 1342; x_wconf 89' lang='lat' dir='ltr'><strong>secun-</strong></span> 
     </span>
    </p>
   </div>
   <div class='ocr_carea' id='block_1_3' title="bbox 443 1371 2527 1442">
    <p class='ocr_par' dir='ltr' id='par_1_4' title="bbox 443 1371 2527 1442">
     <span class='ocr_line' id='line_1_9' title="bbox 443 1371 2527 1442; baseline 0.006 -24"><span class='ocrx_word' id='word_1_119' title='bbox 443 1415 444 1418; x_wconf 74' lang='grc'>,</span> <span class='ocrx_word' id='word_1_120' title='bbox 548 1373 633 1424; x_wconf 87' lang='lat' dir='ltr'><strong>unilas</strong></span> <span class='ocrx_word' id='word_1_121' title='bbox 645 1371 812 1424; x_wconf 86' lang='lat' dir='ltr'><strong>accidentalis</strong></span> <span class='ocrx_word' id='word_1_122' title='bbox 824 1373 1038 1438; x_wconf 85' lang='lat' dir='ltr'><strong>inseparabiliter,</strong></span> <span class='ocrx_word' id='word_1_123' title='bbox 1053 1389 1121 1440; x_wconf 90' lang='lat' dir='ltr'><strong>quae</strong></span> <span class='ocrx_word' id='word_1_124' title='bbox 1133 1385 1185 1424; x_wconf 93' lang='lat' dir='ltr'>non</span> <span class='ocrx_word' id='word_1_125' title='bbox 1220 1381 1248 1428; x_wconf 89' lang='grc'>41</span> <span class='ocrx_word' id='word_1_126' title='bbox 1264 1377 1391 1430; x_wconf 87' lang='lat' dir='ltr'><strong>intellectu</strong></span> <span class='ocrx_word' id='word_1_127' title='bbox 1412 1389 1492 1442; x_wconf 87' lang='grc'>44444</span> <span class='ocrx_word' id='word_1_128' title='bbox 1511 1373 1644 1438; x_wconf 87' lang='lat' dir='ltr'><strong>pluralitas</strong></span> <span class='ocrx_word' id='word_1_129' title='bbox 1664 1373 1686 1424; x_wconf 90' lang='lat' dir='ltr'>V</span> <span class='ocrx_word' id='word_1_130' title='bbox 1707 1373 1856 1436; x_wconf 85' lang='lat' dir='ltr'><strong>ll3arg.li</strong></span> <span class='ocrx_word' id='word_1_131' title='bbox 1894 1371 1957 1424; x_wconf 90' lang='lat' dir='ltr'><strong>dum</strong></span> <span class='ocrx_word' id='word_1_132' title='bbox 1979 1387 2130 1436; x_wconf 88' lang='lat' dir='ltr'><strong>processum</strong></span> <span class='ocrx_word' id='word_1_133' title='bbox 2151 1381 2253 1442; x_wconf 88' lang='lat' dir='ltr'><strong>generis</strong></span> <span class='ocrx_word' id='word_1_134' title='bbox 2266 1375 2527 1442; x_wconf 74' lang='grc'>4444444449350</span> 
     </span>
    </p>
   </div>
   <div class='ocr_carea' id='block_1_4' title="bbox 458 1459 2528 2844">
    <p class='ocr_par' dir='ltr' id='par_1_5' title="bbox 458 1459 2528 2844">
     <span class='ocr_line' id='line_1_10' title="bbox 548 1459 2527 1530; baseline 0.005 -20"><span class='ocrx_word' id='word_1_135' title='bbox 548 1465 585 1510; x_wconf 88' lang='lat' dir='ltr'>est</span> <span class='ocrx_word' id='word_1_136' title='bbox 605 1459 760 1530; x_wconf 87' lang='lat' dir='ltr'><strong>principium</strong></span> <span class='ocrx_word' id='word_1_137' title='bbox 778 1461 948 1526; x_wconf 86' lang='lat' dir='ltr'><strong>indivisiouis,</strong></span> <span class='ocrx_word' id='word_1_138' title='bbox 960 1461 1007 1514; x_wconf 87' lang='lat' dir='ltr'>sed</span> <span class='ocrx_word' id='word_1_139' title='bbox 1021 1473 1185 1526; x_wconf 88' lang='grc'>4444444444</span> <span class='ocrx_word' id='word_1_140' title='bbox 1274 1489 1310 1502; x_wconf 87' lang='lat'>-</span> <span class='ocrx_word' id='word_1_141' title='bbox 1322 1477 1371 1528; x_wconf 89' lang='lat' dir='ltr'>per</span> <span class='ocrx_word' id='word_1_142' title='bbox 1382 1469 1530 1526; x_wconf 88' lang='lat' dir='ltr'><strong>respectum</strong></span> <span class='ocrx_word' id='word_1_143' title='bbox 1545 1461 1577 1514; x_wconf 92' lang='lat' dir='ltr'>ad</span> <span class='ocrx_word' id='word_1_144' title='bbox 1592 1467 1678 1512; x_wconf 90' lang='lat' dir='ltr'><strong>actum</strong></span> <span class='ocrx_word' id='word_1_145' title='bbox 1688 1461 1856 1512; x_wconf 86' lang='lat' dir='ltr'><strong>mensurandi</strong></span> <span class='ocrx_word' id='word_1_146' title='bbox 1894 1459 1910 1510; x_wconf 91' lang='grc'>9</span> <span class='ocrx_word' id='word_1_147' title='bbox 1928 1487 1963 1500; x_wconf 88' lang='lat'>-··</span> <span class='ocrx_word' id='word_1_148' title='bbox 1982 1463 2130 1516; x_wconf 87' lang='lat' dir='ltr'><strong>Secundum</strong></span> <span class='ocrx_word' id='word_1_149' title='bbox 2151 1465 2261 1518; x_wconf 91' lang='lat' dir='ltr'><strong>lormam</strong></span> <span class='ocrx_word' id='word_1_150' title='bbox 2283 1467 2455 1520; x_wconf 88' lang='lat' dir='ltr'><strong>universalem</strong></span> <span class='ocrx_word' id='word_1_151' title='bbox 2469 1479 2527 1530; x_wconf 89' lang='lat' dir='ltr'><strong>pro-</strong></span> 
     </span>
     <span class='ocr_line' id='line_1_11' title="bbox 548 1547 2528 1618; baseline 0.004 -20"><span class='ocrx_word' id='word_1_152' title='bbox 548 1547 580 1598; x_wconf 88' lang='lat' dir='ltr'>ed</span> <span class='ocrx_word' id='word_1_153' title='bbox 600 1547 669 1598; x_wconf 89' lang='lat' dir='ltr'><strong>illam</strong></span> <span class='ocrx_word' id='word_1_154' title='bbox 689 1547 706 1598; x_wconf 96' lang='lat' dir='ltr'>ll</span> <span class='ocrx_word' id='word_1_155' title='bbox 729 1549 777 1600; x_wconf 94' lang='grc'>107</span> <span class='ocrx_word' id='word_1_156' title='bbox 799 1547 1183 1616; x_wconf 85' lang='grc'>6*-444444144444144444</span> <span class='ocrx_word' id='word_1_157' title='bbox 1221 1557 1423 1618; x_wconf 80' lang='lat' dir='ltr'><strong>consequentem</strong></span> <span class='ocrx_word' id='word_1_158' title='bbox 1446 1551 1554 1604; x_wconf 86' lang='lat' dir='ltr'><strong>relative</strong></span> <span class='ocrx_word' id='word_1_159' title='bbox 1577 1549 1721 1612; x_wconf 87' lang='lat' dir='ltr'><strong>opponitur</strong></span> <span class='ocrx_word' id='word_1_160' title='bbox 1743 1547 1857 1600; x_wconf 90' lang='lat' dir='ltr'><strong>multitu·</strong></span> <span class='ocrx_word' id='word_1_161' title='bbox 1895 1549 1949 1612; x_wconf 92' lang='lat' dir='ltr'><strong>prie</strong></span> <span class='ocrx_word' id='word_1_162' title='bbox 1969 1549 2063 1602; x_wconf 88' lang='lat' dir='ltr'><strong>dictam</strong></span> <span class='ocrx_word' id='word_1_163' title='bbox 2082 1565 2124 1604; x_wconf 91' lang='lat' dir='ltr'>res</span> <span class='ocrx_word' id='word_1_164' title='bbox 2143 1559 2181 1604; x_wconf 86' lang='lat' dir='ltr'>est</span> <span class='ocrx_word' id='word_1_165' title='bbox 2205 1551 2357 1606; x_wconf 87' lang='lat' dir='ltr'><strong>ordinabilis</strong></span> <span class='ocrx_word' id='word_1_166' title='bbox 2380 1557 2407 1606; x_wconf 90' lang='grc'>44</span> <span class='ocrx_word' id='word_1_167' title='bbox 2431 1567 2528 1618; x_wconf 83' lang='lat' dir='ltr'><strong>genere</strong></span> 
     </span>
     <span class='ocr_line' id='line_1_12' title="bbox 548 1635 2019 1702; baseline 0.003 -18"><span class='ocrx_word' id='word_1_168' title='bbox 548 1635 657 1698; x_wconf 89' lang='lat' dir='ltr'><strong>numeri,</strong></span> <span class='ocrx_word' id='word_1_169' title='bbox 678 1641 716 1688; x_wconf 88' lang='lat' dir='ltr'>est</span> <span class='ocrx_word' id='word_1_170' title='bbox 735 1637 760 1686; x_wconf 90' lang='grc'>44</span> <span class='ocrx_word' id='word_1_171' title='bbox 779 1649 876 1700; x_wconf 83' lang='lat' dir='ltr'><strong>genere</strong></span> <span class='ocrx_word' id='word_1_172' title='bbox 893 1635 1075 1702; x_wconf 88' lang='lat' dir='ltr'><strong>accidentium,</strong></span> <span class='ocrx_word' id='word_1_173' title='bbox 1097 1641 1183 1688; x_wconf 84' lang='grc'>144444</span> <span class='ocrx_word' id='word_1_174' title='bbox 1220 1639 1273 1690; x_wconf 88' lang='lat' dir='ltr'><strong>diui</strong></span> <span class='ocrx_word' id='word_1_175' title='bbox 1295 1637 1367 1690; x_wconf 88' lang='grc'>1491</span> <span class='ocrx_word' id='word_1_176' title='bbox 1391 1637 1577 1688; x_wconf 65' lang='lat' dir='ltr'><strong>ar-llnum</strong></span> <span class='ocrx_word' id='word_1_177' title='bbox 1607 1649 1659 1686; x_wconf 93' lang='lat' dir='ltr'>non</span> <span class='ocrx_word' id='word_1_178' title='bbox 1686 1635 1857 1700; x_wconf 89' lang='lat' dir='ltr'><strong>dependeta</strong></span> <span class='ocrx_word' id='word_1_179' title='bbox 1893 1635 2019 1688; x_wconf 83' lang='grc'>1141914</span> 
     </span>
     <span class='ocr_line' id='line_1_13' title="bbox 548 1719 2528 1794; baseline 0.004 -22"><span class='ocrx_word' id='word_1_180' title='bbox 548 1721 696 1774; x_wconf 88' lang='lat' dir='ltr'><strong>immediate</strong></span> <span class='ocrx_word' id='word_1_181' title='bbox 714 1721 793 1774; x_wconf 88' lang='lat' dir='ltr'><strong>hahet</strong></span> <span class='ocrx_word' id='word_1_182' title='bbox 811 1729 894 1776; x_wconf 91' lang='lat' dir='ltr'><strong>ortum</strong></span> <span class='ocrx_word' id='word_1_183' title='bbox 917 1721 1085 1774; x_wconf 87' lang='lat' dir='ltr'><strong>asubstanlia</strong></span> <span class='ocrx_word' id='word_1_184' title='bbox 1101 1721 1182 1784; x_wconf 85' lang='grc'>11106</span> <span class='ocrx_word' id='word_1_185' title='bbox 1220 1727 1307 1778; x_wconf 91' lang='lat' dir='ltr'><strong>multis</strong></span> <span class='ocrx_word' id='word_1_186' title='bbox 1326 1727 1333 1776; x_wconf 99' lang='lat' dir='ltr'><strong>l</strong></span> <span class='ocrx_word' id='word_1_187' title='bbox 1355 1725 1404 1776; x_wconf 91' lang='grc'>490</span> <span class='ocrx_word' id='word_1_188' title='bbox 1424 1739 1481 1788; x_wconf 90' lang='lat' dir='ltr'><strong>arg.</strong></span> <span class='ocrx_word' id='word_1_189' title='bbox 1500 1725 1525 1774; x_wconf 93' lang='grc'>3.</span> <span class='ocrx_word' id='word_1_190' title='bbox 1547 1723 1590 1776; x_wconf 92' lang='grc'>491</span> <span class='ocrx_word' id='word_1_191' title='bbox 1615 1719 1644 1772; x_wconf 90' lang='grc'>9*</span> <span class='ocrx_word' id='word_1_192' title='bbox 1944 1751 1982 1762; x_wconf 87' lang='lat'>-</span> <span class='ocrx_word' id='word_1_193' title='bbox 1999 1727 2094 1778; x_wconf 86' lang='lat' dir='ltr'><strong>Forma</strong></span> <span class='ocrx_word' id='word_1_194' title='bbox 2112 1729 2266 1780; x_wconf 82' lang='lat' dir='ltr'><strong>universalis</strong></span> <span class='ocrx_word' id='word_1_195' title='bbox 2285 1727 2394 1780; x_wconf 88' lang='lat' dir='ltr'><strong>nobilior</strong></span> <span class='ocrx_word' id='word_1_196' title='bbox 2414 1737 2451 1780; x_wconf 89' lang='lat' dir='ltr'>est</span> <span class='ocrx_word' id='word_1_197' title='bbox 2470 1743 2528 1794; x_wconf 88' lang='lat' dir='ltr'><strong>par·</strong></span> 
     </span>
     <span class='ocr_line' id='line_1_14' title="bbox 547 1811 2158 1876; baseline 0.005 -18"><span class='ocrx_word' id='word_1_198' title='bbox 547 1823 561 1858; x_wconf 88' lang='lat' dir='ltr'>a</span> <span class='ocrx_word' id='word_1_199' title='bbox 581 1835 616 1848; x_wconf 90' lang='lat'><em>-</em></span> <span class='ocrx_word' id='word_1_200' title='bbox 635 1823 702 1874; x_wconf 87' lang='grc'>4444</span> <span class='ocrx_word' id='word_1_201' title='bbox 720 1815 765 1862; x_wconf 91' lang='lat' dir='ltr'><strong>est·</strong></span> <span class='ocrx_word' id='word_1_202' title='bbox 776 1811 935 1876; x_wconf 84' lang='lat' dir='ltr'><strong>principium</strong></span> <span class='ocrx_word' id='word_1_203' title='bbox 960 1811 1077 1872; x_wconf 91' lang='lat' dir='ltr'><strong>numeri,</strong></span> <span class='ocrx_word' id='word_1_204' title='bbox 1096 1813 1183 1860; x_wconf 89' lang='lat' dir='ltr'><strong>ortum</strong></span> <span class='ocrx_word' id='word_1_205' title='bbox 1271 1841 1308 1854; x_wconf 89' lang='lat'>-</span> <span class='ocrx_word' id='word_1_206' title='bbox 1325 1821 1365 1864; x_wconf 84' lang='lat' dir='ltr'>esi</span> <span class='ocrx_word' id='word_1_207' title='bbox 1382 1813 1469 1862; x_wconf 90' lang='lat' dir='ltr'><strong>omnis</strong></span> <span class='ocrx_word' id='word_1_208' title='bbox 1487 1811 1589 1862; x_wconf 90' lang='lat' dir='ltr'><strong>numeri</strong></span> <span class='ocrx_word' id='word_1_209' title='bbox 1609 1811 1732 1874; x_wconf 78' lang='lat' dir='ltr'><strong>perfectio</strong></span> <span class='ocrx_word' id='word_1_210' title='bbox 1750 1811 1757 1860; x_wconf 99' lang='lat' dir='ltr'><strong>l</strong></span> <span class='ocrx_word' id='word_1_211' title='bbox 1778 1811 1811 1862; x_wconf 97' lang='grc'>57</span> <span class='ocrx_word' id='word_1_212' title='bbox 1829 1811 1856 1862; x_wconf 86' lang='lat' dir='ltr'>h.</span> <span class='ocrx_word' id='word_1_213' title='bbox 1893 1811 1992 1864; x_wconf 88' lang='lat' dir='ltr'><strong>licularl</strong></span> <span class='ocrx_word' id='word_1_214' title='bbox 2012 1815 2035 1866; x_wconf 91' lang='lat' dir='ltr'>V</span> <span class='ocrx_word' id='word_1_215' title='bbox 2053 1811 2104 1866; x_wconf 87' lang='grc'>376</span> <span class='ocrx_word' id='word_1_216' title='bbox 2123 1815 2158 1866; x_wconf 87' lang='grc'>24</span> 
     </span>
     <span class='ocr_line' id='line_1_15' title="bbox 548 1895 2525 1968; baseline 0.005 -22"><span class='ocrx_word' id='word_1_217' title='bbox 548 1895 656 1948; x_wconf 86' lang='grc'>4414444</span> <span class='ocrx_word' id='word_1_218' title='bbox 679 1899 813 1962; x_wconf 73' lang='lat' dir='ltr'><strong>principiis</strong></span> <span class='ocrx_word' id='word_1_219' title='bbox 839 1897 998 1950; x_wconf 84' lang='lat' dir='ltr'><strong>substantiae</strong></span> <span class='ocrx_word' id='word_1_220' title='bbox 1021 1895 1183 1950; x_wconf 86' lang='lat' dir='ltr'><strong>accidentali·</strong></span> <span class='ocrx_word' id='word_1_221' title='bbox 1221 1901 1254 1952; x_wconf 95' lang='lat' dir='ltr'>lV</span> <span class='ocrx_word' id='word_1_222' title='bbox 1274 1897 1308 1950; x_wconf 83' lang='lat'>35</span> <span class='ocrx_word' id='word_1_223' title='bbox 1326 1897 1344 1950; x_wconf 92' lang='lat' dir='ltr'>b</span> <span class='ocrx_word' id='word_1_224' title='bbox 1363 1925 1398 1936; x_wconf 90' lang='lat'>-</span> <span class='ocrx_word' id='word_1_225' title='bbox 1417 1899 1441 1948; x_wconf 95' lang='lat' dir='ltr'><strong>ln</strong></span> <span class='ocrx_word' id='word_1_226' title='bbox 1455 1899 1554 1950; x_wconf 88' lang='lat' dir='ltr'><strong>unitate</strong></span> <span class='ocrx_word' id='word_1_227' title='bbox 1565 1905 1605 1948; x_wconf 85' lang='lat' dir='ltr'>est</span> <span class='ocrx_word' id='word_1_228' title='bbox 1617 1897 1701 1948; x_wconf 92' lang='lat' dir='ltr'><strong>omnis</strong></span> <span class='ocrx_word' id='word_1_229' title='bbox 1715 1901 1740 1948; x_wconf 92' lang='lat' dir='ltr'>et</span> <span class='ocrx_word' id='word_1_230' title='bbox 1751 1911 1856 1950; x_wconf 88' lang='lat' dir='ltr'><strong>summa</strong></span> <span class='ocrx_word' id='word_1_231' title='bbox 1944 1927 1982 1940; x_wconf 94' lang='lat'><em>-</em></span> <span class='ocrx_word' id='word_1_232' title='bbox 1998 1907 2039 1952; x_wconf 90' lang='lat' dir='ltr'>est</span> <span class='ocrx_word' id='word_1_233' title='bbox 2054 1915 2136 1954; x_wconf 92' lang='lat' dir='ltr'><strong>unum</strong></span> <span class='ocrx_word' id='word_1_234' title='bbox 2157 1903 2181 1952; x_wconf 91' lang='lat' dir='ltr'>in</span> <span class='ocrx_word' id='word_1_235' title='bbox 2195 1901 2314 1966; x_wconf 90' lang='lat' dir='ltr'><strong>pluribus</strong></span> <span class='ocrx_word' id='word_1_236' title='bbox 2327 1903 2525 1968; x_wconf 86' lang='lat' dir='ltr'><strong>multiplicatum</strong></span> 
     </span>
     <span class='ocr_line' id='line_1_16' title="bbox 548 1983 2526 2054; baseline -0.003 -18"><span class='ocrx_word' id='word_1_237' title='bbox 548 1989 585 2036; x_wconf 87' lang='lat' dir='ltr'>ler</span> <span class='ocrx_word' id='word_1_238' title='bbox 605 1985 637 2036; x_wconf 87' lang='lat' dir='ltr'>ad</span> <span class='ocrx_word' id='word_1_239' title='bbox 656 1985 741 2048; x_wconf 86' lang='lat' dir='ltr'><strong>ipsam</strong></span> <span class='ocrx_word' id='word_1_240' title='bbox 759 1985 861 2048; x_wconf 86' lang='lat' dir='ltr'><strong>relatis,</strong></span> <span class='ocrx_word' id='word_1_241' title='bbox 881 1999 931 2038; x_wconf 89' lang='grc'>444</span> <span class='ocrx_word' id='word_1_242' title='bbox 950 1991 1037 2036; x_wconf 88' lang='lat' dir='ltr'><strong>aulem</strong></span> <span class='ocrx_word' id='word_1_243' title='bbox 1057 1999 1071 2036; x_wconf 89' lang='lat' dir='ltr'>a</span> <span class='ocrx_word' id='word_1_244' title='bbox 1091 1983 1184 2048; x_wconf 88' lang='lat' dir='ltr'><strong>princi·</strong></span> <span class='ocrx_word' id='word_1_245' title='bbox 1220 1987 1343 2052; x_wconf 84' lang='lat' dir='ltr'><strong>perfectio</strong></span> <span class='ocrx_word' id='word_1_246' title='bbox 1364 1985 1514 2050; x_wconf 88' lang='lat' dir='ltr'><strong>pluralitatis</strong></span> <span class='ocrx_word' id='word_1_247' title='bbox 1534 1985 1542 2036; x_wconf 97' lang='lat' dir='ltr'><strong>l</strong></span> <span class='ocrx_word' id='word_1_248' title='bbox 1562 1985 1648 2036; x_wconf 91' lang='grc'>1971.</span> <span class='ocrx_word' id='word_1_249' title='bbox 1670 1985 1684 2036; x_wconf 92' lang='grc'>3</span> <span class='ocrx_word' id='word_1_250' title='bbox 1893 1987 1902 2038; x_wconf 95' lang='lat' dir='ltr'><strong>l</strong></span> <span class='ocrx_word' id='word_1_251' title='bbox 1920 1987 1966 2038; x_wconf 88' lang='grc'>466</span> <span class='ocrx_word' id='word_1_252' title='bbox 1982 1985 2018 2042; x_wconf 92' lang='grc'>1*.</span> <span class='ocrx_word' id='word_1_253' title='bbox 2032 1989 2054 2042; x_wconf 84' lang='lat' dir='ltr'>V</span> <span class='ocrx_word' id='word_1_254' title='bbox 2064 1989 2100 2042; x_wconf 92' lang='grc'>75</span> <span class='ocrx_word' id='word_1_255' title='bbox 2112 1989 2129 2042; x_wconf 92' lang='lat' dir='ltr'>i.</span> <span class='ocrx_word' id='word_1_256' title='bbox 2141 1991 2151 2042; x_wconf 89' lang='grc'>1</span> <span class='ocrx_word' id='word_1_257' title='bbox 2168 2015 2204 2028; x_wconf 85' lang='lat'><em>-</em></span> <span class='ocrx_word' id='word_1_258' title='bbox 2216 1995 2254 2044; x_wconf 86' lang='grc'>444</span> <span class='ocrx_word' id='word_1_259' title='bbox 2267 1991 2292 2042; x_wconf 87' lang='grc'>44</span> <span class='ocrx_word' id='word_1_260' title='bbox 2305 1991 2427 2042; x_wconf 85' lang='lat' dir='ltr'><strong>omnibus</strong></span> <span class='ocrx_word' id='word_1_261' title='bbox 2439 1993 2526 2054; x_wconf 74' lang='lat' dir='ltr'><strong>singu.</strong></span> 
     </span>
     <span class='ocr_line' id='line_1_17' title="bbox 516 2065 2525 2142; baseline 0.004 -20"><span class='ocrx_word' id='word_1_262' title='bbox 516 2065 518 2070; x_wconf 84' lang='grc'><strong>’</strong></span> <span class='ocrx_word' id='word_1_263' title='bbox 547 2073 590 2136; x_wconf 88' lang='grc'>414</span> <span class='ocrx_word' id='word_1_264' title='bbox 610 2073 711 2138; x_wconf 84' lang='lat' dir='ltr'><strong>aliquo,</strong></span> <span class='ocrx_word' id='word_1_265' title='bbox 731 2073 804 2140; x_wconf 87' lang='lat' dir='ltr'><strong>quod</strong></span> <span class='ocrx_word' id='word_1_266' title='bbox 821 2075 854 2126; x_wconf 88' lang='lat' dir='ltr'>sil</span> <span class='ocrx_word' id='word_1_267' title='bbox 872 2075 896 2126; x_wconf 93' lang='lat' dir='ltr'>iu</span> <span class='ocrx_word' id='word_1_268' title='bbox 924 2087 1017 2138; x_wconf 86' lang='lat' dir='ltr'><strong>genere</strong></span> <span class='ocrx_word' id='word_1_269' title='bbox 1043 2071 1183 2124; x_wconf 89' lang='lat' dir='ltr'><strong>accidentis</strong></span> <span class='ocrx_word' id='word_1_270' title='bbox 1274 2103 1306 2112; x_wconf 86' lang='lat'>·-</span> <span class='ocrx_word' id='word_1_271' title='bbox 1325 2073 1438 2126; x_wconf 86' lang='lat' dir='ltr'><strong>excludit</strong></span> <span class='ocrx_word' id='word_1_272' title='bbox 1457 2073 1629 2138; x_wconf 86' lang='lat' dir='ltr'><strong>pluralitatem</strong></span> <span class='ocrx_word' id='word_1_273' title='bbox 1651 2075 1674 2126; x_wconf 93' lang='lat' dir='ltr'>V</span> <span class='ocrx_word' id='word_1_274' title='bbox 1693 2073 1728 2126; x_wconf 88' lang='grc'>04</span> <span class='ocrx_word' id='word_1_275' title='bbox 1746 2087 1803 2140; x_wconf 86' lang='lat' dir='ltr'><strong>arg.</strong></span> <span class='ocrx_word' id='word_1_276' title='bbox 1822 2075 1855 2128; x_wconf 92' lang='grc'>19</span> <span class='ocrx_word' id='word_1_277' title='bbox 1892 2075 1990 2128; x_wconf 88' lang='lat' dir='ltr'><strong>laribus</strong></span> <span class='ocrx_word' id='word_1_278' title='bbox 2007 2091 2058 2128; x_wconf 93' lang='lat' dir='ltr'>nou</span> <span class='ocrx_word' id='word_1_279' title='bbox 2078 2077 2223 2130; x_wconf 90' lang='lat' dir='ltr'><strong>secundum</strong></span> <span class='ocrx_word' id='word_1_280' title='bbox 2240 2079 2408 2142; x_wconf 87' lang='lat' dir='ltr'><strong>identitatem,</strong></span> <span class='ocrx_word' id='word_1_281' title='bbox 2420 2081 2467 2132; x_wconf 91' lang='lat' dir='ltr'>sed</span> <span class='ocrx_word' id='word_1_282' title='bbox 2480 2093 2525 2130; x_wconf 90' lang='lat' dir='ltr'>nu·</span> 
     </span>
     <span class='ocr_line' id='line_1_18' title="bbox 491 2159 2523 2230; baseline 0.002 -18"><span class='ocrx_word' id='word_1_283' title='bbox 491 2201 498 2212; x_wconf 96' lang='lat'>.</span> <span class='ocrx_word' id='word_1_284' title='bbox 547 2159 564 2212; x_wconf 95' lang='lat' dir='ltr'>ll</span> <span class='ocrx_word' id='word_1_285' title='bbox 584 2161 634 2212; x_wconf 87' lang='grc'>107</span> <span class='ocrx_word' id='word_1_286' title='bbox 656 2159 684 2210; x_wconf 87' lang='lat' dir='ltr'>l*</span> <span class='ocrx_word' id='word_1_287' title='bbox 1223 2191 1254 2200; x_wconf 89' lang='lat'><em>-</em></span> <span class='ocrx_word' id='word_1_288' title='bbox 1274 2161 1361 2214; x_wconf 84' lang='grc'>446441</span> <span class='ocrx_word' id='word_1_289' title='bbox 1383 2165 1410 2212; x_wconf 92' lang='grc'>14</span> <span class='ocrx_word' id='word_1_290' title='bbox 1436 2161 1600 2214; x_wconf 88' lang='lat' dir='ltr'><strong>multitudine</strong></span> <span class='ocrx_word' id='word_1_291' title='bbox 1619 2161 1856 2228; x_wconf 87' lang='lat' dir='ltr'><strong>diilerenliumnu·</strong></span> <span class='ocrx_word' id='word_1_292' title='bbox 1893 2171 2021 2216; x_wconf 85' lang='lat' dir='ltr'><strong>moratum</strong></span> <span class='ocrx_word' id='word_1_293' title='bbox 2041 2165 2064 2216; x_wconf 92' lang='lat' dir='ltr'>in</span> <span class='ocrx_word' id='word_1_294' title='bbox 2085 2165 2227 2230; x_wconf 89' lang='lat' dir='ltr'><strong>suppositis</strong></span> <span class='ocrx_word' id='word_1_295' title='bbox 2247 2165 2256 2216; x_wconf 98' lang='lat' dir='ltr'><strong>l</strong></span> <span class='ocrx_word' id='word_1_296' title='bbox 2276 2165 2327 2216; x_wconf 84' lang='grc'>443</span> <span class='ocrx_word' id='word_1_297' title='bbox 2347 2179 2360 2216; x_wconf 90' lang='grc'>4</span> <span class='ocrx_word' id='word_1_298' title='bbox 2378 2191 2414 2204; x_wconf 88' lang='grc'>--</span> <span class='ocrx_word' id='word_1_299' title='bbox 2432 2165 2523 2216; x_wconf 79' lang='lat' dir='ltr'><strong>Forma</strong></span> 
     </span>
     <span class='ocr_line' id='line_1_19' title="bbox 458 2245 2526 2324; baseline 0.002 -24"><span class='ocrx_word' id='word_1_300' title='bbox 458 2315 461 2324; x_wconf 31' lang='grc' dir='ltr'>Ι</span> <span class='ocrx_word' id='word_1_301' title='bbox 598 2277 633 2286; x_wconf 88' lang='lat'><em>-</em></span> <span class='ocrx_word' id='word_1_302' title='bbox 653 2263 762 2302; x_wconf 88' lang='lat' dir='ltr'><strong>numero</strong></span> <span class='ocrx_word' id='word_1_303' title='bbox 781 2251 852 2302; x_wconf 89' lang='lat' dir='ltr'><strong>venit</strong></span> <span class='ocrx_word' id='word_1_304' title='bbox 875 2249 909 2302; x_wconf 90' lang='lat' dir='ltr'>ab</span> <span class='ocrx_word' id='word_1_305' title='bbox 938 2249 1034 2300; x_wconf 88' lang='lat' dir='ltr'><strong>unitate</strong></span> <span class='ocrx_word' id='word_1_306' title='bbox 1061 2245 1182 2312; x_wconf 88' lang='lat' dir='ltr'><strong>principii</strong></span> <span class='ocrx_word' id='word_1_307' title='bbox 1220 2263 1302 2312; x_wconf 89' lang='lat' dir='ltr'><strong>mero,</strong></span> <span class='ocrx_word' id='word_1_308' title='bbox 1320 2263 1417 2314; x_wconf 88' lang='lat' dir='ltr'><strong>genere</strong></span> <span class='ocrx_word' id='word_1_309' title='bbox 1435 2255 1460 2300; x_wconf 90' lang='lat' dir='ltr'>el</span> <span class='ocrx_word' id='word_1_310' title='bbox 1479 2251 1565 2314; x_wconf 88' lang='lat' dir='ltr'><strong>specie</strong></span> <span class='ocrx_word' id='word_1_311' title='bbox 1584 2251 1612 2302; x_wconf 97' lang='lat' dir='ltr'>lll</span> <span class='ocrx_word' id='word_1_312' title='bbox 1631 2251 1855 2304; x_wconf 78' lang='lat' dir='ltr'><strong>aaa-nerra·</strong></span> <span class='ocrx_word' id='word_1_313' title='bbox 1893 2251 2022 2316; x_wconf 88' lang='lat' dir='ltr'><strong>quaedam</strong></span> <span class='ocrx_word' id='word_1_314' title='bbox 2042 2253 2269 2316; x_wconf 86' lang='lat' dir='ltr'><strong>multiplicaturin</strong></span> <span class='ocrx_word' id='word_1_315' title='bbox 2293 2251 2526 2318; x_wconf 86' lang='lat' dir='ltr'><strong>pluribussuppo·</strong></span> 
     </span>
     <span class='ocr_line' id='line_1_20' title="bbox 547 2335 2524 2408; baseline 0.003 -24"><span class='ocrx_word' id='word_1_316' title='bbox 547 2337 685 2390; x_wconf 89' lang='lat' dir='ltr'><strong>materialis</strong></span> <span class='ocrx_word' id='word_1_317' title='bbox 704 2339 711 2390; x_wconf 95' lang='lat' dir='ltr'><strong>l</strong></span> <span class='ocrx_word' id='word_1_318' title='bbox 733 2337 782 2390; x_wconf 86' lang='grc'>547</span> <span class='ocrx_word' id='word_1_319' title='bbox 803 2339 819 2390; x_wconf 92' lang='grc'>1.</span> <span class='ocrx_word' id='word_1_320' title='bbox 839 2335 855 2388; x_wconf 92' lang='grc'>4</span> <span class='ocrx_word' id='word_1_321' title='bbox 1175 2355 1178 2360; x_wconf 91' lang='grc'><strong><em>·</em></strong></span> <span class='ocrx_word' id='word_1_322' title='bbox 1220 2351 1321 2390; x_wconf 88' lang='lat' dir='ltr'><strong>cessum</strong></span> <span class='ocrx_word' id='word_1_323' title='bbox 1347 2337 1379 2390; x_wconf 87' lang='lat' dir='ltr'>ab</span> <span class='ocrx_word' id='word_1_324' title='bbox 1399 2351 1451 2408; x_wconf 92' lang='lat' dir='ltr'>uno</span> <span class='ocrx_word' id='word_1_325' title='bbox 1472 2337 1498 2390; x_wconf 87' lang='grc'>411</span> <span class='ocrx_word' id='word_1_326' title='bbox 1516 2339 1692 2402; x_wconf 90' lang='lat' dir='ltr'><strong>multiplicatio</strong></span> <span class='ocrx_word' id='word_1_327' title='bbox 1712 2339 1746 2390; x_wconf 90' lang='lat' dir='ltr'>lV</span> <span class='ocrx_word' id='word_1_328' title='bbox 1765 2339 1815 2390; x_wconf 90' lang='grc'>508</span> <span class='ocrx_word' id='word_1_329' title='bbox 1837 2339 1854 2392; x_wconf 91' lang='lat' dir='ltr'>b</span> <span class='ocrx_word' id='word_1_330' title='bbox 1892 2337 2524 2402; x_wconf 77' lang='grc'>411147661*-444444414414414414441248</span> 
     </span>
     <span class='ocr_line' id='line_1_21' title="bbox 598 2421 2525 2492; baseline 0.003 -18"><span class='ocrx_word' id='word_1_331' title='bbox 598 2451 632 2464; x_wconf 90' lang='grc'><strong>-</strong></span> <span class='ocrx_word' id='word_1_332' title='bbox 651 2425 711 2478; x_wconf 85' lang='lat' dir='ltr'><strong>Esse</strong></span> <span class='ocrx_word' id='word_1_333' title='bbox 733 2441 813 2478; x_wconf 91' lang='lat' dir='ltr'><strong>unum</strong></span> <span class='ocrx_word' id='word_1_334' title='bbox 832 2433 909 2480; x_wconf 89' lang='lat' dir='ltr'><strong>esta</strong></span> <span class='ocrx_word' id='word_1_335' title='bbox 936 2425 1031 2490; x_wconf 83' lang='lat' dir='ltr'><strong>torma,</strong></span> <span class='ocrx_word' id='word_1_336' title='bbox 1051 2421 1182 2492; x_wconf 87' lang='grc'>4444441</span> <span class='ocrx_word' id='word_1_337' title='bbox 1271 2451 1307 2492; x_wconf 62' lang='lat'>,···</span> <span class='ocrx_word' id='word_1_338' title='bbox 1325 2423 1401 2492; x_wconf 87' lang='lat' dir='ltr'><strong>Quod</strong></span> <span class='ocrx_word' id='word_1_339' title='bbox 1421 2427 1616 2490; x_wconf 82' lang='lat' dir='ltr'><strong>approximatur</strong></span> <span class='ocrx_word' id='word_1_340' title='bbox 1627 2427 1722 2492; x_wconf 84' lang='lat' dir='ltr'><strong>origini</strong></span> <span class='ocrx_word' id='word_1_341' title='bbox 1735 2429 1822 2478; x_wconf 89' lang='lat' dir='ltr'><strong>unitur</strong></span> <span class='ocrx_word' id='word_1_342' title='bbox 1836 2429 1854 2480; x_wconf 98' lang='lat' dir='ltr'>ll</span> <span class='ocrx_word' id='word_1_343' title='bbox 1891 2427 2014 2478; x_wconf 85' lang='lat' dir='ltr'><strong>a.V38l</strong></span> <span class='ocrx_word' id='word_1_344' title='bbox 2034 2427 2202 2480; x_wconf 84' lang='lat' dir='ltr'><strong>8--Forma</strong></span> <span class='ocrx_word' id='word_1_345' title='bbox 2222 2427 2373 2480; x_wconf 83' lang='lat' dir='ltr'><strong>universalis</strong></span> <span class='ocrx_word' id='word_1_346' title='bbox 2393 2429 2417 2480; x_wconf 94' lang='lat' dir='ltr'>in</span> <span class='ocrx_word' id='word_1_347' title='bbox 2436 2429 2525 2480; x_wconf 89' lang='lat' dir='ltr'><strong>multis</strong></span> 
     </span>
     <span class='ocr_line' id='line_1_22' title="bbox 545 2511 2524 2568; baseline 0.002 -4"><span class='ocrx_word' id='word_1_348' title='bbox 545 2511 603 2564; x_wconf 87' lang='lat' dir='ltr'><strong>esse</strong></span> <span class='ocrx_word' id='word_1_349' title='bbox 627 2513 775 2566; x_wconf 89' lang='lat' dir='ltr'><strong>distinctum</strong></span> <span class='ocrx_word' id='word_1_350' title='bbox 803 2515 811 2564; x_wconf 98' lang='lat' dir='ltr'><strong>l</strong></span> <span class='ocrx_word' id='word_1_351' title='bbox 836 2513 886 2564; x_wconf 89' lang='grc'>420</span> <span class='ocrx_word' id='word_1_352' title='bbox 911 2513 928 2564; x_wconf 90' lang='grc'>1.</span> <span class='ocrx_word' id='word_1_353' title='bbox 947 2513 956 2564; x_wconf 96' lang='lat' dir='ltr'><strong>l</strong></span> <span class='ocrx_word' id='word_1_354' title='bbox 983 2511 1179 2564; x_wconf 84' lang='lat' dir='ltr'><strong>-abeodem</strong></span> <span class='ocrx_word' id='word_1_355' title='bbox 1219 2513 1269 2566; x_wconf 90' lang='grc'>249</span> <span class='ocrx_word' id='word_1_356' title='bbox 1289 2515 1305 2564; x_wconf 92' lang='lat' dir='ltr'>i.</span> <span class='ocrx_word' id='word_1_357' title='bbox 1328 2513 1335 2564; x_wconf 95' lang='grc'>1</span> <span class='ocrx_word' id='word_1_358' title='bbox 1890 2513 2524 2568; x_wconf 77' lang='grc'>4414444444937694-44444444444444</span> 
     </span>
     <span class='ocr_line' id='line_1_23' title="bbox 545 2599 2524 2678; baseline 0.001 -26"><span class='ocrx_word' id='word_1_359' title='bbox 545 2605 597 2666; x_wconf 85' lang='grc'>444,</span> <span class='ocrx_word' id='word_1_360' title='bbox 620 2613 705 2666; x_wconf 88' lang='grc'>4444</span> <span class='ocrx_word' id='word_1_361' title='bbox 724 2607 761 2654; x_wconf 91' lang='grc'>441</span> <span class='ocrx_word' id='word_1_362' title='bbox 775 2603 897 2664; x_wconf 90' lang='lat' dir='ltr'><strong>perlectio</strong></span> <span class='ocrx_word' id='word_1_363' title='bbox 918 2609 942 2654; x_wconf 88' lang='lat' dir='ltr'>et</span> <span class='ocrx_word' id='word_1_364' title='bbox 959 2601 1179 2664; x_wconf 87' lang='lat' dir='ltr'><strong>complementum</strong></span> <span class='ocrx_word' id='word_1_365' title='bbox 1271 2629 1305 2678; x_wconf 68' lang='lat'>-5</span> <span class='ocrx_word' id='word_1_366' title='bbox 1324 2601 1410 2654; x_wconf 89' lang='lat' dir='ltr'><strong>Unum</strong></span> <span class='ocrx_word' id='word_1_367' title='bbox 1429 2607 1468 2654; x_wconf 90' lang='lat' dir='ltr'>est</span> <span class='ocrx_word' id='word_1_368' title='bbox 1487 2601 1686 2666; x_wconf 81' lang='lat' dir='ltr'><strong>primumllal</strong></span> <span class='ocrx_word' id='word_1_369' title='bbox 1706 2599 1854 2664; x_wconf 87' lang='lat' dir='ltr'><strong>b‚l*Vide</strong></span> <span class='ocrx_word' id='word_1_370' title='bbox 1891 2603 1974 2666; x_wconf 91' lang='lat' dir='ltr'><strong>plura,</strong></span> <span class='ocrx_word' id='word_1_371' title='bbox 1993 2603 2064 2666; x_wconf 86' lang='grc'>4444</span> <span class='ocrx_word' id='word_1_372' title='bbox 2078 2603 2268 2656; x_wconf 87' lang='lat' dir='ltr'><strong>numeraturln</strong></span> <span class='ocrx_word' id='word_1_373' title='bbox 2282 2601 2524 2668; x_wconf 63' lang='lat' dir='ltr'><strong>ansilperga</strong></span> 
     </span>
     <span class='ocr_line' id='line_1_24' title="bbox 545 2685 2525 2756; baseline 0.003 -18"><span class='ocrx_word' id='word_1_374' title='bbox 545 2687 577 2738; x_wconf 89' lang='lat' dir='ltr'>lV</span> <span class='ocrx_word' id='word_1_375' title='bbox 598 2689 646 2740; x_wconf 88' lang='grc'>618</span> <span class='ocrx_word' id='word_1_376' title='bbox 669 2689 686 2740; x_wconf 93' lang='lat' dir='ltr'>l.</span> <span class='ocrx_word' id='word_1_377' title='bbox 704 2689 720 2740; x_wconf 89' lang='lat'>3</span> <span class='ocrx_word' id='word_1_378' title='bbox 744 2687 807 2742; x_wconf 86' lang='lat' dir='ltr'><strong>Vide</strong></span> <span class='ocrx_word' id='word_1_379' title='bbox 827 2687 858 2740; x_wconf 90' lang='lat' dir='ltr'>V.</span> <span class='ocrx_word' id='word_1_380' title='bbox 876 2687 979 2742; x_wconf 86' lang='lat' dir='ltr'><strong>Formo</strong></span> <span class='ocrx_word' id='word_1_381' title='bbox 998 2685 1045 2740; x_wconf 75' lang='lat' dir='ltr'>la.</span> <span class='ocrx_word' id='word_1_382' title='bbox 1222 2691 1250 2744; x_wconf 91' lang='lat' dir='ltr'>V.</span> <span class='ocrx_word' id='word_1_383' title='bbox 1268 2689 1371 2744; x_wconf 82' lang='lat' dir='ltr'><strong>Statua.</strong></span> <span class='ocrx_word' id='word_1_384' title='bbox 1891 2689 1941 2740; x_wconf 85' lang='grc'>613</span> <span class='ocrx_word' id='word_1_385' title='bbox 1963 2687 1991 2740; x_wconf 90' lang='grc'>4*</span> <span class='ocrx_word' id='word_1_386' title='bbox 2009 2717 2043 2726; x_wconf 87' lang='lat'><em>-</em></span> <span class='ocrx_word' id='word_1_387' title='bbox 2062 2687 2190 2756; x_wconf 81' lang='lat' dir='ltr'><strong>estquod</strong></span> <span class='ocrx_word' id='word_1_388' title='bbox 2216 2689 2316 2740; x_wconf 85' lang='lat' dir='ltr'><strong>realiter</strong></span> <span class='ocrx_word' id='word_1_389' title='bbox 2342 2691 2525 2756; x_wconf 87' lang='lat' dir='ltr'><strong>multiplicatur</strong></span> 
     </span>
     <span class='ocr_line' id='line_1_25' title="bbox 598 2773 2525 2844; baseline 0.001 -16"><span class='ocrx_word' id='word_1_390' title='bbox 598 2803 632 2816; x_wconf 87' lang='lat'><em>-</em></span> <span class='ocrx_word' id='word_1_391' title='bbox 650 2777 765 2828; x_wconf 81' lang='lat' dir='ltr'><strong>salvatur</strong></span> <span class='ocrx_word' id='word_1_392' title='bbox 785 2777 810 2828; x_wconf 90' lang='lat' dir='ltr'>iu</span> <span class='ocrx_word' id='word_1_393' title='bbox 828 2777 916 2828; x_wconf 89' lang='lat' dir='ltr'><strong>multis</strong></span> <span class='ocrx_word' id='word_1_394' title='bbox 934 2781 959 2828; x_wconf 89' lang='lat' dir='ltr'>et</span> <span class='ocrx_word' id='word_1_395' title='bbox 984 2777 1024 2828; x_wconf 89' lang='lat' dir='ltr'><strong>illa</strong></span> <span class='ocrx_word' id='word_1_396' title='bbox 1050 2777 1179 2828; x_wconf 87' lang='lat' dir='ltr'><strong>constituit</strong></span> <span class='ocrx_word' id='word_1_397' title='bbox 1270 2807 1303 2816; x_wconf 91' lang='lat'>-</span> <span class='ocrx_word' id='word_1_398' title='bbox 1322 2793 1352 2830; x_wconf 90' lang='lat' dir='ltr'>se</span> <span class='ocrx_word' id='word_1_399' title='bbox 1370 2779 1426 2840; x_wconf 90' lang='lat' dir='ltr'><strong>ipsa</strong></span> <span class='ocrx_word' id='word_1_400' title='bbox 1445 2783 1485 2828; x_wconf 89' lang='lat' dir='ltr'>est</span> <span class='ocrx_word' id='word_1_401' title='bbox 1502 2789 1552 2828; x_wconf 90' lang='lat' dir='ltr'>una</span> <span class='ocrx_word' id='word_1_402' title='bbox 1572 2777 1580 2826; x_wconf 98' lang='lat' dir='ltr'><strong>l</strong></span> <span class='ocrx_word' id='word_1_403' title='bbox 1600 2777 1632 2828; x_wconf 89' lang='grc'>78</span> <span class='ocrx_word' id='word_1_404' title='bbox 1652 2777 1677 2828; x_wconf 89' lang='lat' dir='ltr'>d.</span> <span class='ocrx_word' id='word_1_405' title='bbox 1691 2777 1717 2828; x_wconf 92' lang='lat'>3.</span> <span class='ocrx_word' id='word_1_406' title='bbox 1730 2777 1781 2828; x_wconf 92' lang='grc'>579</span> <span class='ocrx_word' id='word_1_407' title='bbox 1795 2791 1851 2842; x_wconf 87' lang='lat' dir='ltr'><strong>arg.</strong></span> <span class='ocrx_word' id='word_1_408' title='bbox 1889 2777 1915 2828; x_wconf 91' lang='lat' dir='ltr'><strong>lu</strong></span> <span class='ocrx_word' id='word_1_409' title='bbox 1934 2775 2054 2842; x_wconf 89' lang='lat' dir='ltr'><strong>pluribus</strong></span> <span class='ocrx_word' id='word_1_410' title='bbox 2074 2779 2081 2828; x_wconf 99' lang='lat' dir='ltr'><strong>l</strong></span> <span class='ocrx_word' id='word_1_411' title='bbox 2101 2773 2200 2828; x_wconf 88' lang='grc'>3599*</span> <span class='ocrx_word' id='word_1_412' title='bbox 2218 2803 2252 2814; x_wconf 90' lang='lat'>·-</span> <span class='ocrx_word' id='word_1_413' title='bbox 2273 2777 2355 2828; x_wconf 88' lang='lat' dir='ltr'><strong>Homo</strong></span> <span class='ocrx_word' id='word_1_414' title='bbox 2373 2777 2525 2844; x_wconf 89' lang='lat' dir='ltr'><strong>multiplica-</strong></span> 
     </span>
    </p>
   </div>
   <div class='ocr_carea' id='block_1_5' title="bbox 462 2861 2523 2938">
    <p class='ocr_par' dir='ltr' id='par_1_6' title="bbox 462 2861 2523 2938">
     <span class='ocr_line' id='line_1_26' title="bbox 462 2861 2523 2938; baseline 0.002 -24"><span class='ocrx_word' id='word_1_415' title='bbox 462 2873 463 2876; x_wconf 73' lang='grc'>’</span> <span class='ocrx_word' id='word_1_416' title='bbox 546 2861 621 2914; x_wconf 90' lang='grc'>1491</span> <span class='ocrx_word' id='word_1_417' title='bbox 645 2863 697 2916; x_wconf 82' lang='lat' dir='ltr'><strong>tl</strong></span> <span class='ocrx_word' id='word_1_418' title='bbox 723 2891 757 2902; x_wconf 89' lang='lat'><em>-</em></span> <span class='ocrx_word' id='word_1_419' title='bbox 783 2865 903 2938; x_wconf 27' lang='lat' dir='ltr'><strong>salvatur!</strong></span> <span class='ocrx_word' id='word_1_420' title='bbox 926 2863 951 2916; x_wconf 89' lang='lat' dir='ltr'>iu</span> <span class='ocrx_word' id='word_1_421' title='bbox 981 2863 1143 2916; x_wconf 90' lang='lat' dir='ltr'><strong>multitudine</strong></span> <span class='ocrx_word' id='word_1_422' title='bbox 1171 2865 1179 2914; x_wconf 98' lang='lat' dir='ltr'><strong>l</strong></span> <span class='ocrx_word' id='word_1_423' title='bbox 1217 2871 1371 2934; x_wconf 83' lang='lat' dir='ltr'><strong>2-quae</strong></span> <span class='ocrx_word' id='word_1_424' title='bbox 1391 2867 1449 2920; x_wconf 87' lang='lat' dir='ltr'><strong>iacit</strong></span> <span class='ocrx_word' id='word_1_425' title='bbox 1469 2867 1613 2920; x_wconf 89' lang='lat' dir='ltr'><strong>subiectum</strong></span> <span class='ocrx_word' id='word_1_426' title='bbox 1632 2879 1723 2932; x_wconf 91' lang='lat' dir='ltr'><strong>unum,</strong></span> <span class='ocrx_word' id='word_1_427' title='bbox 1742 2879 1793 2918; x_wconf 93' lang='lat' dir='ltr'>non</span> <span class='ocrx_word' id='word_1_428' title='bbox 1812 2873 1852 2920; x_wconf 90' lang='lat' dir='ltr'>est</span> <span class='ocrx_word' id='word_1_429' title='bbox 1889 2873 1929 2918; x_wconf 89' lang='lat' dir='ltr'>tur</span> <span class='ocrx_word' id='word_1_430' title='bbox 1949 2863 2104 2916; x_wconf 86' lang='lat' dir='ltr'><strong>indiversis</strong></span> <span class='ocrx_word' id='word_1_431' title='bbox 2129 2863 2271 2916; x_wconf 84' lang='lat' dir='ltr'><strong>individuis</strong></span> <span class='ocrx_word' id='word_1_432' title='bbox 2297 2865 2442 2918; x_wconf 89' lang='lat' dir='ltr'><strong>secundum</strong></span> <span class='ocrx_word' id='word_1_433' title='bbox 2468 2879 2523 2918; x_wconf 88' lang='lat' dir='ltr'>rem</span> 
     </span>
    </p>
   </div>
   <div class='ocr_carea' id='block_1_6' title="bbox 500 2949 2525 6890">
    <p class='ocr_par' dir='ltr' id='par_1_7' title="bbox 500 2949 2525 6890">
     <span class='ocr_line' id='line_1_27' title="bbox 545 2949 2525 3020; baseline -0.002 -11"><span class='ocrx_word' id='word_1_434' title='bbox 545 2951 595 3004; x_wconf 77' lang='grc'>699</span> <span class='ocrx_word' id='word_1_435' title='bbox 617 2949 644 3002; x_wconf 76' lang='grc'>4*</span> <span class='ocrx_word' id='word_1_436' title='bbox 799 2987 801 2992; x_wconf 85' lang='lat'><em>·</em></span> <span class='ocrx_word' id='word_1_437' title='bbox 1217 2957 1332 3008; x_wconf 88' lang='grc'>4444144</span> <span class='ocrx_word' id='word_1_438' title='bbox 1354 2951 1640 3008; x_wconf 84' lang='grc'>441441411355*-</span> <span class='ocrx_word' id='word_1_439' title='bbox 1664 2955 1748 3008; x_wconf 88' lang='lat' dir='ltr'><strong>Unum</strong></span> <span class='ocrx_word' id='word_1_440' title='bbox 1775 2955 1852 3008; x_wconf 89' lang='lat' dir='ltr'><strong>deuo·</strong></span> <span class='ocrx_word' id='word_1_441' title='bbox 1889 2951 2525 3020; x_wconf 83' lang='grc'>16091.4-441444444444144441144,4444</span> 
     </span>
     <span class='ocr_line' id='line_1_28' title="bbox 596 3041 2524 3110; baseline 0.001 -18"><span class='ocrx_word' id='word_1_442' title='bbox 596 3067 630 3080; x_wconf 89' lang='grc'>-</span> <span class='ocrx_word' id='word_1_443' title='bbox 647 3047 687 3092; x_wconf 87' lang='grc'>441</span> <span class='ocrx_word' id='word_1_444' title='bbox 705 3043 863 3108; x_wconf 88' lang='grc'>44444444444</span> <span class='ocrx_word' id='word_1_445' title='bbox 881 3049 907 3094; x_wconf 86' lang='grc'>44</span> <span class='ocrx_word' id='word_1_446' title='bbox 926 3055 1002 3092; x_wconf 89' lang='lat' dir='ltr'><strong>causa</strong></span> <span class='ocrx_word' id='word_1_447' title='bbox 1028 3041 1179 3104; x_wconf 88' lang='lat' dir='ltr'><strong>pluralitatis</strong></span> <span class='ocrx_word' id='word_1_448' title='bbox 1215 3047 1296 3098; x_wconf 88' lang='lat' dir='ltr'><strong>minat</strong></span> <span class='ocrx_word' id='word_1_449' title='bbox 1320 3045 1460 3108; x_wconf 83' lang='lat' dir='ltr'><strong>seipsum</strong></span> <span class='ocrx_word' id='word_1_450' title='bbox 1480 3043 1487 3094; x_wconf 99' lang='lat' dir='ltr'><strong>l</strong></span> <span class='ocrx_word' id='word_1_451' title='bbox 1505 3041 1557 3096; x_wconf 85' lang='grc'>579</span> <span class='ocrx_word' id='word_1_452' title='bbox 1578 3041 1604 3110; x_wconf 90' lang='lat' dir='ltr'>b,</span> <span class='ocrx_word' id='word_1_453' title='bbox 1624 3041 1654 3094; x_wconf 85' lang='lat' dir='ltr'>l*</span> <span class='ocrx_word' id='word_1_454' title='bbox 1672 3071 1706 3080; x_wconf 88' lang='lat'>-</span> <span class='ocrx_word' id='word_1_455' title='bbox 1724 3057 1803 3108; x_wconf 88' lang='lat' dir='ltr'><strong>supra</strong></span> <span class='ocrx_word' id='word_1_456' title='bbox 1823 3057 1852 3098; x_wconf 90' lang='lat' dir='ltr'>sa</span> <span class='ocrx_word' id='word_1_457' title='bbox 1890 3041 2050 3108; x_wconf 82' lang='lat' dir='ltr'><strong>plurificatur</strong></span> <span class='ocrx_word' id='word_1_458' title='bbox 2063 3047 2089 3094; x_wconf 91' lang='lat' dir='ltr'>et</span> <span class='ocrx_word' id='word_1_459' title='bbox 2102 3047 2228 3108; x_wconf 83' lang='lat' dir='ltr'><strong>quantum</strong></span> <span class='ocrx_word' id='word_1_460' title='bbox 2240 3041 2275 3094; x_wconf 89' lang='lat' dir='ltr'>ad</span> <span class='ocrx_word' id='word_1_461' title='bbox 2287 3041 2397 3094; x_wconf 83' lang='lat' dir='ltr'><strong>sormam</strong></span> <span class='ocrx_word' id='word_1_462' title='bbox 2410 3047 2433 3094; x_wconf 92' lang='lat' dir='ltr'>et</span> <span class='ocrx_word' id='word_1_463' title='bbox 2445 3055 2524 3110; x_wconf 85' lang='lat' dir='ltr'><strong>quan·</strong></span> 
     </span>
     <span class='ocr_line' id='line_1_29' title="bbox 545 3119 2524 3198; baseline 0.001 -18"><span class='ocrx_word' id='word_1_464' title='bbox 545 3129 566 3180; x_wconf 93' lang='lat' dir='ltr'>V</span> <span class='ocrx_word' id='word_1_465' title='bbox 586 3129 620 3180; x_wconf 93' lang='grc'>67</span> <span class='ocrx_word' id='word_1_466' title='bbox 640 3127 686 3180; x_wconf 85' lang='grc'>17*</span> <span class='ocrx_word' id='word_1_467' title='bbox 702 3155 739 3168; x_wconf 91' lang='grc'>-</span> <span class='ocrx_word' id='word_1_468' title='bbox 757 3137 796 3182; x_wconf 85' lang='grc'>441</span> <span class='ocrx_word' id='word_1_469' title='bbox 808 3131 966 3196; x_wconf 86' lang='lat' dir='ltr'><strong>principium</strong></span> <span class='ocrx_word' id='word_1_470' title='bbox 980 3131 1063 3182; x_wconf 92' lang='lat' dir='ltr'><strong>omnis</strong></span> <span class='ocrx_word' id='word_1_471' title='bbox 1076 3131 1178 3182; x_wconf 87' lang='lat' dir='ltr'><strong>numeri</strong></span> <span class='ocrx_word' id='word_1_472' title='bbox 1215 3119 1355 3186; x_wconf 81' lang='lat' dir='ltr'><strong>cellectitur</strong></span> <span class='ocrx_word' id='word_1_473' title='bbox 1373 3133 1398 3182; x_wconf 92' lang='lat' dir='ltr'>in</span> <span class='ocrx_word' id='word_1_474' title='bbox 1418 3131 1551 3198; x_wconf 80' lang='lat' dir='ltr'><strong>singulari,</strong></span> <span class='ocrx_word' id='word_1_475' title='bbox 1570 3139 1596 3186; x_wconf 91' lang='lat' dir='ltr'>et</span> <span class='ocrx_word' id='word_1_476' title='bbox 1613 3145 1665 3184; x_wconf 91' lang='lat' dir='ltr'>non</span> <span class='ocrx_word' id='word_1_477' title='bbox 1682 3131 1708 3184; x_wconf 94' lang='lat' dir='ltr'>in</span> <span class='ocrx_word' id='word_1_478' title='bbox 1721 3131 1851 3196; x_wconf 89' lang='lat' dir='ltr'><strong>pluraliV</strong></span> <span class='ocrx_word' id='word_1_479' title='bbox 1889 3137 1944 3182; x_wconf 92' lang='lat' dir='ltr'>tum</span> <span class='ocrx_word' id='word_1_480' title='bbox 1965 3129 1997 3182; x_wconf 89' lang='lat' dir='ltr'>ed</span> <span class='ocrx_word' id='word_1_481' title='bbox 2018 3131 2182 3194; x_wconf 90' lang='lat' dir='ltr'><strong>suppositum</strong></span> <span class='ocrx_word' id='word_1_482' title='bbox 2204 3131 2211 3182; x_wconf 98' lang='lat' dir='ltr'><strong>l</strong></span> <span class='ocrx_word' id='word_1_483' title='bbox 2231 3131 2282 3182; x_wconf 87' lang='grc'>426</span> <span class='ocrx_word' id='word_1_484' title='bbox 2299 3129 2327 3182; x_wconf 91' lang='lat' dir='ltr'>d.</span> <span class='ocrx_word' id='word_1_485' title='bbox 2347 3133 2361 3182; x_wconf 87' lang='grc'>9</span> <span class='ocrx_word' id='word_1_486' title='bbox 2379 3131 2524 3194; x_wconf 75' lang='grc'>-4144414</span> 
     </span>
     <span class='ocr_line' id='line_1_30' title="bbox 544 3215 2524 3292; baseline 0.001 -24"><span class='ocrx_word' id='word_1_487' title='bbox 544 3215 1178 3284; x_wconf 84' lang='grc'>15714-1444444444144441444444414444·</span> <span class='ocrx_word' id='word_1_488' title='bbox 1216 3219 1314 3272; x_wconf 90' lang='grc'>6714*</span> <span class='ocrx_word' id='word_1_489' title='bbox 1400 3289 1401 3292; x_wconf 9' lang='lat'>¹</span> <span class='ocrx_word' id='word_1_490' title='bbox 1889 3217 2119 3284; x_wconf 72' lang='grc'>4414444444</span> <span class='ocrx_word' id='word_1_491' title='bbox 2149 3223 2390 3272; x_wconf 84' lang='grc'>4444444444144</span> <span class='ocrx_word' id='word_1_492' title='bbox 2417 3223 2524 3284; x_wconf 88' lang='lat' dir='ltr'><strong>propter</strong></span> 
     </span>
     <span class='ocr_line' id='line_1_31' title="bbox 544 3305 2523 3376; baseline -0.001 -18"><span class='ocrx_word' id='word_1_493' title='bbox 544 3305 639 3370; x_wconf 86' lang='lat' dir='ltr'><strong>alpium</strong></span> <span class='ocrx_word' id='word_1_494' title='bbox 666 3307 814 3374; x_wconf 83' lang='lat' dir='ltr'><strong>quantitatis</strong></span> <span class='ocrx_word' id='word_1_495' title='bbox 838 3311 864 3360; x_wconf 90' lang='lat' dir='ltr'>el</span> <span class='ocrx_word' id='word_1_496' title='bbox 891 3305 1178 3360; x_wconf 81' lang='grc'>4444414214-</span> <span class='ocrx_word' id='word_1_497' title='bbox 1266 3309 1400 3362; x_wconf 85' lang='grc'>-414444</span> <span class='ocrx_word' id='word_1_498' title='bbox 1415 3311 1439 3362; x_wconf 92' lang='grc'>44</span> <span class='ocrx_word' id='word_1_499' title='bbox 1452 3307 1597 3362; x_wconf 87' lang='lat' dir='ltr'><strong>substantia</strong></span> <span class='ocrx_word' id='word_1_500' title='bbox 1610 3311 1669 3364; x_wconf 90' lang='lat' dir='ltr'><strong>lacit</strong></span> <span class='ocrx_word' id='word_1_501' title='bbox 1681 3309 1851 3376; x_wconf 86' lang='lat' dir='ltr'><strong>identitatem,</strong></span> <span class='ocrx_word' id='word_1_502' title='bbox 1888 3319 1979 3360; x_wconf 88' lang='lat' dir='ltr'><strong>veram</strong></span> <span class='ocrx_word' id='word_1_503' title='bbox 1996 3305 2156 3358; x_wconf 87' lang='lat' dir='ltr'><strong>additionem</strong></span> <span class='ocrx_word' id='word_1_504' title='bbox 2175 3307 2182 3356; x_wconf 99' lang='lat' dir='ltr'><strong>l</strong></span> <span class='ocrx_word' id='word_1_505' title='bbox 2204 3305 2252 3358; x_wconf 89' lang='grc'>443</span> <span class='ocrx_word' id='word_1_506' title='bbox 2273 3305 2523 3372; x_wconf 83' lang='grc'>1*-141444444444</span> 
     </span>
     <span class='ocr_line' id='line_1_32' title="bbox 544 3393 2522 3464; baseline -0.001 -18"><span class='ocrx_word' id='word_1_507' title='bbox 544 3393 628 3446; x_wconf 90' lang='lat' dir='ltr'><strong>Unum</strong></span> <span class='ocrx_word' id='word_1_508' title='bbox 647 3401 686 3446; x_wconf 89' lang='lat' dir='ltr'>est</span> <span class='ocrx_word' id='word_1_509' title='bbox 704 3395 863 3460; x_wconf 87' lang='lat' dir='ltr'><strong>principium</strong></span> <span class='ocrx_word' id='word_1_510' title='bbox 877 3393 1175 3458; x_wconf 80' lang='lat' dir='ltr'><strong>mullorumllitllarg.</strong></span> <span class='ocrx_word' id='word_1_511' title='bbox 1214 3399 1240 3450; x_wconf 93' lang='lat' dir='ltr'>in</span> <span class='ocrx_word' id='word_1_512' title='bbox 1259 3401 1401 3464; x_wconf 86' lang='lat' dir='ltr'><strong>quantitate</strong></span> <span class='ocrx_word' id='word_1_513' title='bbox 1420 3399 1611 3464; x_wconf 84' lang='lat' dir='ltr'><strong>aequalitatem,</strong></span> <span class='ocrx_word' id='word_1_514' title='bbox 1631 3399 1657 3450; x_wconf 88' lang='lat' dir='ltr'>in</span> <span class='ocrx_word' id='word_1_515' title='bbox 1676 3399 1798 3464; x_wconf 87' lang='lat' dir='ltr'><strong>qualitate</strong></span> <span class='ocrx_word' id='word_1_516' title='bbox 1816 3401 1851 3450; x_wconf 91' lang='lat' dir='ltr'>la·</span> <span class='ocrx_word' id='word_1_517' title='bbox 1888 3399 1927 3446; x_wconf 87' lang='lat' dir='ltr'>esi</span> <span class='ocrx_word' id='word_1_518' title='bbox 1945 3395 2104 3458; x_wconf 87' lang='lat' dir='ltr'><strong>universale,</strong></span> <span class='ocrx_word' id='word_1_519' title='bbox 2122 3395 2216 3448; x_wconf 87' lang='lat' dir='ltr'><strong>ibiest</strong></span> <span class='ocrx_word' id='word_1_520' title='bbox 2234 3407 2285 3446; x_wconf 89' lang='lat' dir='ltr'>une</span> <span class='ocrx_word' id='word_1_521' title='bbox 2309 3395 2393 3446; x_wconf 88' lang='lat' dir='ltr'><strong>lornra</strong></span> <span class='ocrx_word' id='word_1_522' title='bbox 2416 3395 2458 3446; x_wconf 85' lang='lat' dir='ltr'>vel</span> <span class='ocrx_word' id='word_1_523' title='bbox 2477 3407 2522 3446; x_wconf 92' lang='lat' dir='ltr'>na-</span> 
     </span>
     <span class='ocr_line' id='line_1_33' title="bbox 544 3479 2522 3548; baseline -0.001 -14"><span class='ocrx_word' id='word_1_524' title='bbox 544 3483 567 3548; x_wconf 86' lang='lat'>3,</span> <span class='ocrx_word' id='word_1_525' title='bbox 588 3481 604 3532; x_wconf 87' lang='grc'>4</span> <span class='ocrx_word' id='word_1_526' title='bbox 623 3509 657 3522; x_wconf 89' lang='lat'><em>-</em></span> <span class='ocrx_word' id='word_1_527' title='bbox 676 3481 759 3536; x_wconf 90' lang='lat' dir='ltr'><strong>Unum</strong></span> <span class='ocrx_word' id='word_1_528' title='bbox 780 3488 818 3536; x_wconf 89' lang='lat' dir='ltr'>est</span> <span class='ocrx_word' id='word_1_529' title='bbox 836 3483 993 3548; x_wconf 90' lang='lat' dir='ltr'><strong>principium</strong></span> <span class='ocrx_word' id='word_1_530' title='bbox 1007 3483 1177 3536; x_wconf 87' lang='lat' dir='ltr'><strong>multitudinis</strong></span> <span class='ocrx_word' id='word_1_531' title='bbox 1214 3485 1573 3540; x_wconf 83' lang='grc'>4414444141444444413421.</span> <span class='ocrx_word' id='word_1_532' title='bbox 1590 3485 1612 3538; x_wconf 87' lang='lat' dir='ltr'>l.</span> <span class='ocrx_word' id='word_1_533' title='bbox 1625 3485 1677 3538; x_wconf 87' lang='grc'>350</span> <span class='ocrx_word' id='word_1_534' title='bbox 1691 3485 1851 3538; x_wconf 80' lang='grc'>444911)</span> <span class='ocrx_word' id='word_1_535' title='bbox 1888 3489 1944 3536; x_wconf 88' lang='grc'>1444</span> <span class='ocrx_word' id='word_1_536' title='bbox 1971 3481 2172 3548; x_wconf 88' lang='lat' dir='ltr'><strong>multiplicabilis</strong></span> <span class='ocrx_word' id='word_1_537' title='bbox 2197 3479 2522 3548; x_wconf 82' lang='grc'>4414411441444441357</span> 
     </span>
     <span class='ocr_line' id='line_1_34' title="bbox 543 3569 2214 3640; baseline 0.002 -20"><span class='ocrx_word' id='word_1_538' title='bbox 543 3571 709 3622; x_wconf 89' lang='lat' dir='ltr'><strong>intrinsecum</strong></span> <span class='ocrx_word' id='word_1_539' title='bbox 729 3571 795 3622; x_wconf 91' lang='lat' dir='ltr'><strong>sicut</strong></span> <span class='ocrx_word' id='word_1_540' title='bbox 813 3569 960 3634; x_wconf 86' lang='grc'>44441429</span> <span class='ocrx_word' id='word_1_541' title='bbox 976 3569 1177 3634; x_wconf 84' lang='grc'>4*-4414444</span> <span class='ocrx_word' id='word_1_542' title='bbox 1266 3573 1392 3626; x_wconf 83' lang='lat' dir='ltr'><strong>-Unus</strong></span> <span class='ocrx_word' id='word_1_543' title='bbox 1417 3581 1454 3626; x_wconf 88' lang='lat' dir='ltr'>est</span> <span class='ocrx_word' id='word_1_544' title='bbox 1480 3587 1572 3628; x_wconf 85' lang='lat' dir='ltr'><strong>nomeu</strong></span> <span class='ocrx_word' id='word_1_545' title='bbox 1600 3575 1750 3640; x_wconf 83' lang='lat' dir='ltr'><strong>partitivum</strong></span> <span class='ocrx_word' id='word_1_546' title='bbox 1770 3575 1779 3626; x_wconf 95' lang='lat' dir='ltr'><strong>l</strong></span> <span class='ocrx_word' id='word_1_547' title='bbox 1799 3575 1851 3626; x_wconf 87' lang='grc'>495</span> <span class='ocrx_word' id='word_1_548' title='bbox 1889 3569 2214 3624; x_wconf 61' lang='lat' dir='ltr'><strong>farinularum.</strong></span> 
     </span>
     <span class='ocr_line' id='line_1_35' title="bbox 543 3657 2523 3722; baseline 0.001 -14"><span class='ocrx_word' id='word_1_549' title='bbox 543 3659 642 3710; x_wconf 90' lang='lat' dir='ltr'><strong>numeri</strong></span> <span class='ocrx_word' id='word_1_550' title='bbox 665 3659 681 3710; x_wconf 96' lang='lat' dir='ltr'>ll</span> <span class='ocrx_word' id='word_1_551' title='bbox 700 3659 735 3710; x_wconf 90' lang='grc'>30</span> <span class='ocrx_word' id='word_1_552' title='bbox 754 3657 792 3710; x_wconf 89' lang='grc'>4*.</span> <span class='ocrx_word' id='word_1_553' title='bbox 810 3659 834 3710; x_wconf 89' lang='lat' dir='ltr'>V</span> <span class='ocrx_word' id='word_1_554' title='bbox 854 3659 886 3710; x_wconf 89' lang='grc'>74</span> <span class='ocrx_word' id='word_1_555' title='bbox 907 3671 963 3722; x_wconf 89' lang='lat' dir='ltr'><strong>arg.</strong></span> <span class='ocrx_word' id='word_1_556' title='bbox 983 3659 1176 3722; x_wconf 86' lang='lat' dir='ltr'><strong>li-cstprin-</strong></span> <span class='ocrx_word' id='word_1_557' title='bbox 1214 3663 1629 3716; x_wconf 84' lang='grc'>(1.5-14444441144444444</span> <span class='ocrx_word' id='word_1_558' title='bbox 1658 3663 1798 3714; x_wconf 87' lang='lat' dir='ltr'><strong>numeralis</strong></span> <span class='ocrx_word' id='word_1_559' title='bbox 1826 3667 1851 3714; x_wconf 88' lang='lat' dir='ltr'>et</span> <span class='ocrx_word' id='word_1_560' title='bbox 1939 3659 2019 3708; x_wconf 90' lang='lat' dir='ltr'><strong>-ln</strong></span> <span class='ocrx_word' id='word_1_561' title='bbox 2040 3657 2231 3710; x_wconf 86' lang='lat' dir='ltr'><strong>universalibus</strong></span> <span class='ocrx_word' id='word_1_562' title='bbox 2250 3665 2289 3710; x_wconf 90' lang='lat' dir='ltr'>est</span> <span class='ocrx_word' id='word_1_563' title='bbox 2312 3659 2397 3710; x_wconf 90' lang='lat' dir='ltr'><strong>unitas</strong></span> <span class='ocrx_word' id='word_1_564' title='bbox 2420 3659 2523 3710; x_wconf 88' lang='lat' dir='ltr'><strong>contor-</strong></span> 
     </span>
     <span class='ocr_line' id='line_1_36' title="bbox 542 3743 2522 3814; baseline -0.001 -16"><span class='ocrx_word' id='word_1_565' title='bbox 542 3747 639 3810; x_wconf 87' lang='lat' dir='ltr'><strong>cipium</strong></span> <span class='ocrx_word' id='word_1_566' title='bbox 660 3747 760 3798; x_wconf 83' lang='lat' dir='ltr'><strong>uunieri</strong></span> <span class='ocrx_word' id='word_1_567' title='bbox 780 3751 806 3798; x_wconf 92' lang='lat' dir='ltr'>et</span> <span class='ocrx_word' id='word_1_568' title='bbox 823 3759 884 3810; x_wconf 89' lang='lat' dir='ltr'><strong>pers</strong></span> <span class='ocrx_word' id='word_1_569' title='bbox 904 3743 1176 3798; x_wconf 81' lang='grc'>4444414414493445</span> <span class='ocrx_word' id='word_1_570' title='bbox 1214 3749 1851 3814; x_wconf 84' lang='grc'>44441444414194-44444441444444444-</span> <span class='ocrx_word' id='word_1_571' title='bbox 1889 3745 1982 3798; x_wconf 86' lang='lat' dir='ltr'><strong>miletis</strong></span> <span class='ocrx_word' id='word_1_572' title='bbox 2000 3745 2024 3798; x_wconf 91' lang='lat' dir='ltr'>V</span> <span class='ocrx_word' id='word_1_573' title='bbox 2043 3745 2090 3796; x_wconf 91' lang='grc'>381</span> <span class='ocrx_word' id='word_1_574' title='bbox 2114 3745 2129 3794; x_wconf 89' lang='lat'>8</span> <span class='ocrx_word' id='word_1_575' title='bbox 2150 3745 2284 3798; x_wconf 83' lang='grc'>-4441444</span> <span class='ocrx_word' id='word_1_576' title='bbox 2296 3745 2480 3800; x_wconf 80' lang='lat' dir='ltr'><strong>conformitatis</strong></span> <span class='ocrx_word' id='word_1_577' title='bbox 2493 3747 2522 3796; x_wconf 88' lang='lat' dir='ltr'><strong>lu</strong></span> 
     </span>
     <span class='ocr_line' id='line_1_37' title="bbox 521 3833 2521 3898; baseline -0.001 -14"><span class='ocrx_word' id='word_1_578' title='bbox 521 3891 524 3894; x_wconf 54' lang='grc'>,</span> <span class='ocrx_word' id='word_1_579' title='bbox 595 3861 629 3872; x_wconf 89' lang='lat'>-</span> <span class='ocrx_word' id='word_1_580' title='bbox 648 3833 708 3886; x_wconf 89' lang='lat' dir='ltr'><strong>dicit</strong></span> <span class='ocrx_word' id='word_1_581' title='bbox 729 3833 883 3898; x_wconf 89' lang='lat' dir='ltr'><strong>principium</strong></span> <span class='ocrx_word' id='word_1_582' title='bbox 898 3839 923 3884; x_wconf 89' lang='lat' dir='ltr'>ei</span> <span class='ocrx_word' id='word_1_583' title='bbox 935 3833 1124 3886; x_wconf 90' lang='lat' dir='ltr'><strong>distinctionem</strong></span> <span class='ocrx_word' id='word_1_584' title='bbox 1138 3847 1176 3884; x_wconf 88' lang='lat' dir='ltr'>re·</span> <span class='ocrx_word' id='word_1_585' title='bbox 1214 3837 1314 3890; x_wconf 89' lang='lat' dir='ltr'><strong>titivum</strong></span> <span class='ocrx_word' id='word_1_586' title='bbox 1334 3845 1360 3890; x_wconf 88' lang='grc'>44</span> <span class='ocrx_word' id='word_1_587' title='bbox 1377 3833 1478 3890; x_wconf 80' lang='lat' dir='ltr'><strong>habeus</strong></span> <span class='ocrx_word' id='word_1_588' title='bbox 1495 3839 1521 3888; x_wconf 92' lang='grc'>44</span> <span class='ocrx_word' id='word_1_589' title='bbox 1541 3835 1806 3890; x_wconf 83' lang='grc'>4444114414441494</span> <span class='ocrx_word' id='word_1_590' title='bbox 1821 3835 1851 3888; x_wconf 86' lang='grc'>2*</span> <span class='ocrx_word' id='word_1_591' title='bbox 1887 3833 2080 3884; x_wconf 82' lang='lat' dir='ltr'><strong>universalibus</strong></span> <span class='ocrx_word' id='word_1_592' title='bbox 2098 3833 2192 3896; x_wconf 89' lang='lat' dir='ltr'><strong>delicit,</strong></span> <span class='ocrx_word' id='word_1_593' title='bbox 2213 3833 2273 3898; x_wconf 84' lang='lat' dir='ltr'><strong>quia</strong></span> <span class='ocrx_word' id='word_1_594' title='bbox 2291 3841 2443 3886; x_wconf 87' lang='lat' dir='ltr'><strong>numeratur</strong></span> <span class='ocrx_word' id='word_1_595' title='bbox 2462 3845 2521 3884; x_wconf 91' lang='lat' dir='ltr'>cum</span> 
     </span>
     <span class='ocr_line' id='line_1_38' title="bbox 542 3917 2016 3992; baseline -0.001 -18"><span class='ocrx_word' id='word_1_596' title='bbox 542 3927 630 3986; x_wconf 85' lang='lat' dir='ltr'><strong>speetu</strong></span> <span class='ocrx_word' id='word_1_597' title='bbox 651 3923 810 3986; x_wconf 88' lang='lat' dir='ltr'><strong>pluralitatis,</strong></span> <span class='ocrx_word' id='word_1_598' title='bbox 830 3935 881 3974; x_wconf 91' lang='lat' dir='ltr'>non</span> <span class='ocrx_word' id='word_1_599' title='bbox 902 3935 964 3974; x_wconf 90' lang='lat' dir='ltr'><strong>vero</strong></span> <span class='ocrx_word' id='word_1_600' title='bbox 978 3923 1104 3974; x_wconf 83' lang='lat' dir='ltr'><strong>rationem</strong></span> <span class='ocrx_word' id='word_1_601' title='bbox 1118 3933 1176 3986; x_wconf 83' lang='lat' dir='ltr'><strong>par·</strong></span> <span class='ocrx_word' id='word_1_602' title='bbox 1265 3923 1476 3976; x_wconf 81' lang='grc'>1144444444-</span> <span class='ocrx_word' id='word_1_603' title='bbox 1495 3931 1701 3990; x_wconf 89' lang='lat' dir='ltr'><strong>cstcommune‚</strong></span> <span class='ocrx_word' id='word_1_604' title='bbox 1722 3925 1793 3992; x_wconf 90' lang='lat' dir='ltr'><strong>quod</strong></span> <span class='ocrx_word' id='word_1_605' title='bbox 1811 3939 1850 3976; x_wconf 91' lang='lat' dir='ltr'>re·</span> <span class='ocrx_word' id='word_1_606' title='bbox 1887 3921 1935 3974; x_wconf 87' lang='lat' dir='ltr'><strong>alia</strong></span> <span class='ocrx_word' id='word_1_607' title='bbox 1955 3917 2016 3974; x_wconf 81' lang='lat' dir='ltr'><strong>ibid.</strong></span> 
     </span>
     <span class='ocr_line' id='line_1_39' title="bbox 542 4007 2520 4076; baseline -0.001 -16"><span class='ocrx_word' id='word_1_608' title='bbox 542 4011 573 4062; x_wconf 89' lang='lat' dir='ltr'>tis</span> <span class='ocrx_word' id='word_1_609' title='bbox 593 4007 719 4062; x_wconf 84' lang='grc'>13565*</span> <span class='ocrx_word' id='word_1_610' title='bbox 737 4009 876 4062; x_wconf 85' lang='lat' dir='ltr'><strong>-Unum</strong></span> <span class='ocrx_word' id='word_1_611' title='bbox 896 4009 1176 4062; x_wconf 83' lang='lat' dir='ltr'><strong>continet&#39;mullaim-</strong></span> <span class='ocrx_word' id='word_1_612' title='bbox 1213 4011 1323 4076; x_wconf 90' lang='lat' dir='ltr'><strong>spondet</strong></span> <span class='ocrx_word' id='word_1_613' title='bbox 1344 4013 1491 4076; x_wconf 83' lang='lat' dir='ltr'><strong>particulari</strong></span> <span class='ocrx_word' id='word_1_614' title='bbox 1511 4013 1518 4062; x_wconf 96' lang='lat' dir='ltr'><strong>l</strong></span> <span class='ocrx_word' id='word_1_615' title='bbox 1539 4011 1590 4064; x_wconf 90' lang='grc'>357</span> <span class='ocrx_word' id='word_1_616' title='bbox 1609 4013 1695 4076; x_wconf 79' lang='lat' dir='ltr'><strong>argi</strong></span> <span class='ocrx_word' id='word_1_617' title='bbox 1720 4041 1755 4050; x_wconf 95' lang='lat'><em>-</em></span> <span class='ocrx_word' id='word_1_618' title='bbox 1773 4013 1848 4066; x_wconf 89' lang='lat' dir='ltr'><strong>estin</strong></span> <span class='ocrx_word' id='word_1_619' title='bbox 1940 4037 1973 4046; x_wconf 90' lang='lat'><strong>—</strong></span> <span class='ocrx_word' id='word_1_620' title='bbox 1992 4015 2131 4060; x_wconf 88' lang='lat' dir='ltr'><strong>estunam</strong></span> <span class='ocrx_word' id='word_1_621' title='bbox 2158 4007 2320 4074; x_wconf 87' lang='lat' dir='ltr'><strong>simplicitate</strong></span> <span class='ocrx_word' id='word_1_622' title='bbox 2345 4009 2385 4058; x_wconf 84' lang='grc'>441</span> <span class='ocrx_word' id='word_1_623' title='bbox 2411 4009 2520 4060; x_wconf 86' lang='lat' dir='ltr'><strong>essentia</strong></span> 
     </span>
     <span class='ocr_line' id='line_1_40' title="bbox 542 4093 2521 4166; baseline 0.003 -18"><span class='ocrx_word' id='word_1_624' title='bbox 542 4097 626 4162; x_wconf 82' lang='lat' dir='ltr'><strong>plicita</strong></span> <span class='ocrx_word' id='word_1_625' title='bbox 644 4099 653 4148; x_wconf 93' lang='lat' dir='ltr'><strong>l</strong></span> <span class='ocrx_word' id='word_1_626' title='bbox 673 4097 724 4150; x_wconf 83' lang='lat' dir='ltr'>aot</span> <span class='ocrx_word' id='word_1_627' title='bbox 743 4113 756 4148; x_wconf 86' lang='lat' dir='ltr'>a</span> <span class='ocrx_word' id='word_1_628' title='bbox 776 4125 812 4136; x_wconf 88' lang='lat'><em>-</em></span> <span class='ocrx_word' id='word_1_629' title='bbox 830 4097 856 4150; x_wconf 88' lang='lat' dir='ltr'><strong>ln</strong></span> <span class='ocrx_word' id='word_1_630' title='bbox 884 4097 981 4148; x_wconf 86' lang='lat' dir='ltr'><strong>unitate</strong></span> <span class='ocrx_word' id='word_1_631' title='bbox 1004 4103 1063 4148; x_wconf 85' lang='lat' dir='ltr'><strong>sunt</strong></span> <span class='ocrx_word' id='word_1_632' title='bbox 1088 4097 1176 4160; x_wconf 84' lang='lat' dir='ltr'><strong>plures</strong></span> <span class='ocrx_word' id='word_1_633' title='bbox 1202 4099 1332 4164; x_wconf 79' lang='lat' dir='ltr'><strong>pluribus</strong></span> <span class='ocrx_word' id='word_1_634' title='bbox 1351 4101 1358 4150; x_wconf 94' lang='lat' dir='ltr'><strong>l</strong></span> <span class='ocrx_word' id='word_1_635' title='bbox 1378 4099 1412 4152; x_wconf 83' lang='lat' dir='ltr'>aa</span> <span class='ocrx_word' id='word_1_636' title='bbox 1432 4101 1449 4150; x_wconf 91' lang='grc'>4.</span> <span class='ocrx_word' id='word_1_637' title='bbox 1464 4101 1479 4152; x_wconf 83' lang='grc'>4</span> <span class='ocrx_word' id='word_1_638' title='bbox 1492 4125 1528 4138; x_wconf 86' lang='lat'><em>-</em></span> <span class='ocrx_word' id='word_1_639' title='bbox 1540 4107 1578 4152; x_wconf 83' lang='lat' dir='ltr'>est</span> <span class='ocrx_word' id='word_1_640' title='bbox 1594 4099 1665 4166; x_wconf 81' lang='lat' dir='ltr'><strong>quod</strong></span> <span class='ocrx_word' id='word_1_641' title='bbox 1685 4101 1850 4166; x_wconf 84' lang='lat' dir='ltr'><strong>praedicatur</strong></span> <span class='ocrx_word' id='word_1_642' title='bbox 1886 4097 1914 4148; x_wconf 93' lang='grc'>111</span> <span class='ocrx_word' id='word_1_643' title='bbox 1934 4095 1984 4146; x_wconf 80' lang='lat' dir='ltr'><strong>llil</strong></span> <span class='ocrx_word' id='word_1_644' title='bbox 2006 4097 2022 4148; x_wconf 86' lang='grc'>1.</span> <span class='ocrx_word' id='word_1_645' title='bbox 2041 4097 2056 4146; x_wconf 80' lang='grc'>9</span> <span class='ocrx_word' id='word_1_646' title='bbox 2075 4121 2110 4134; x_wconf 85' lang='lat'>-··</span> <span class='ocrx_word' id='word_1_647' title='bbox 2129 4093 2283 4160; x_wconf 81' lang='lat' dir='ltr'><strong>Commune,</strong></span> <span class='ocrx_word' id='word_1_648' title='bbox 2303 4093 2375 4160; x_wconf 83' lang='lat' dir='ltr'><strong>quaa</strong></span> <span class='ocrx_word' id='word_1_649' title='bbox 2395 4095 2521 4160; x_wconf 79' lang='grc'>41441144·</span> 
     </span>
     <span class='ocr_line' id='line_1_41' title="bbox 500 4181 2521 4252; baseline -0.002 -14"><span class='ocrx_word' id='word_1_650' title='bbox 500 4231 502 4238; x_wconf 58' lang='lat'>.</span> <span class='ocrx_word' id='word_1_651' title='bbox 542 4191 676 4250; x_wconf 87' lang='lat' dir='ltr'><strong>respectus</strong></span> <span class='ocrx_word' id='word_1_652' title='bbox 700 4187 735 4238; x_wconf 88' lang='lat' dir='ltr'>ad</span> <span class='ocrx_word' id='word_1_653' title='bbox 760 4199 883 4238; x_wconf 89' lang='lat' dir='ltr'><strong>numeros</strong></span> <span class='ocrx_word' id='word_1_654' title='bbox 909 4185 932 4238; x_wconf 78' lang='lat' dir='ltr'>V</span> <span class='ocrx_word' id='word_1_655' title='bbox 958 4185 991 4238; x_wconf 91' lang='grc'>66</span> <span class='ocrx_word' id='word_1_656' title='bbox 1010 4181 1174 4238; x_wconf 87' lang='grc'>9*.751.9</span> <span class='ocrx_word' id='word_1_657' title='bbox 1211 4187 1245 4240; x_wconf 91' lang='lat' dir='ltr'>de</span> <span class='ocrx_word' id='word_1_658' title='bbox 1265 4187 1383 4252; x_wconf 89' lang='lat' dir='ltr'><strong>pluribus</strong></span> <span class='ocrx_word' id='word_1_659' title='bbox 1403 4187 1411 4238; x_wconf 97' lang='lat' dir='ltr'><strong>l</strong></span> <span class='ocrx_word' id='word_1_660' title='bbox 1430 4187 1482 4240; x_wconf 88' lang='grc'>359</span> <span class='ocrx_word' id='word_1_661' title='bbox 1501 4185 1850 4240; x_wconf 81' lang='grc'>9*-94444444144444144</span> <span class='ocrx_word' id='word_1_662' title='bbox 1886 4189 1926 4236; x_wconf 87' lang='grc'>144</span> <span class='ocrx_word' id='word_1_663' title='bbox 1946 4185 1972 4234; x_wconf 91' lang='grc'>44</span> <span class='ocrx_word' id='word_1_664' title='bbox 1992 4181 2191 4250; x_wconf 82' lang='grc'>4441114,1444]44</span> <span class='ocrx_word' id='word_1_665' title='bbox 2218 4185 2341 4234; x_wconf 87' lang='lat' dir='ltr'><strong>unitatem</strong></span> <span class='ocrx_word' id='word_1_666' title='bbox 2365 4185 2471 4236; x_wconf 88' lang='lat' dir='ltr'><strong>rationis</strong></span> <span class='ocrx_word' id='word_1_667' title='bbox 2495 4189 2521 4236; x_wconf 90' lang='lat' dir='ltr'>et</span> 
     </span>
     <span class='ocr_line' id='line_1_42' title="bbox 546 4269 2520 4340; baseline -0.003 -12"><span class='ocrx_word' id='word_1_668' title='bbox 546 4271 608 4328; x_wconf 84' lang='lat' dir='ltr'><strong>Vide</strong></span> <span class='ocrx_word' id='word_1_669' title='bbox 629 4273 658 4326; x_wconf 90' lang='lat' dir='ltr'>V.</span> <span class='ocrx_word' id='word_1_670' title='bbox 677 4271 778 4328; x_wconf 84' lang='lat' dir='ltr'><strong>lietalr&#39;o</strong></span> <span class='ocrx_word' id='word_1_671' title='bbox 797 4269 871 4340; x_wconf 81' lang='grc'>(484</span> <span class='ocrx_word' id='word_1_672' title='bbox 891 4271 928 4340; x_wconf 85' lang='lat' dir='ltr'>d).</span> <span class='ocrx_word' id='word_1_673' title='bbox 1214 4277 1245 4328; x_wconf 90' lang='lat' dir='ltr'>de</span> <span class='ocrx_word' id='word_1_674' title='bbox 1265 4289 1293 4328; x_wconf 89' lang='lat' dir='ltr'>se</span> <span class='ocrx_word' id='word_1_675' title='bbox 1310 4281 1370 4328; x_wconf 92' lang='lat' dir='ltr'><strong>nata</strong></span> <span class='ocrx_word' id='word_1_676' title='bbox 1389 4281 1503 4328; x_wconf 88' lang='lat' dir='ltr'><strong>estesse</strong></span> <span class='ocrx_word' id='word_1_677' title='bbox 1523 4277 1547 4328; x_wconf 90' lang='grc'>44</span> <span class='ocrx_word' id='word_1_678' title='bbox 1566 4277 1655 4328; x_wconf 86' lang='lat' dir='ltr'><strong>multis</strong></span> <span class='ocrx_word' id='word_1_679' title='bbox 1673 4277 1690 4328; x_wconf 98' lang='lat' dir='ltr'>ll</span> <span class='ocrx_word' id='word_1_680' title='bbox 1712 4273 1755 4328; x_wconf 85' lang='grc'>441</span> <span class='ocrx_word' id='word_1_681' title='bbox 1780 4277 1805 4328; x_wconf 87' lang='grc'>14.</span> <span class='ocrx_word' id='word_1_682' title='bbox 1827 4277 1849 4328; x_wconf 92' lang='lat' dir='ltr'>V</span> <span class='ocrx_word' id='word_1_683' title='bbox 1886 4271 2075 4322; x_wconf 88' lang='lat' dir='ltr'><strong>distinctionem</strong></span> <span class='ocrx_word' id='word_1_684' title='bbox 2096 4277 2220 4336; x_wconf 88' lang='lat' dir='ltr'><strong>quantum</strong></span> <span class='ocrx_word' id='word_1_685' title='bbox 2239 4271 2348 4322; x_wconf 90' lang='lat' dir='ltr'><strong>adrem</strong></span> <span class='ocrx_word' id='word_1_686' title='bbox 2366 4271 2520 4322; x_wconf 85' lang='lat' dir='ltr'><strong>atmodum</strong></span> 
     </span>
     <span class='ocr_line' id='line_1_43' title="bbox 533 4353 2044 4430; baseline -0.001 -16"><span class='ocrx_word' id='word_1_687' title='bbox 533 4353 535 4356; x_wconf 72' lang='grc'><strong>’</strong></span> <span class='ocrx_word' id='word_1_688' title='bbox 594 4363 735 4414; x_wconf 85' lang='lat' dir='ltr'><strong>-Virtus</strong></span> <span class='ocrx_word' id='word_1_689' title='bbox 753 4363 858 4414; x_wconf 87' lang='lat' dir='ltr'><strong>unitatis</strong></span> <span class='ocrx_word' id='word_1_690' title='bbox 875 4367 914 4412; x_wconf 89' lang='lat' dir='ltr'>est</span> <span class='ocrx_word' id='word_1_691' title='bbox 932 4361 965 4414; x_wconf 91' lang='lat' dir='ltr'>ad</span> <span class='ocrx_word' id='word_1_692' title='bbox 985 4373 1108 4414; x_wconf 89' lang='lat' dir='ltr'><strong>numeros</strong></span> <span class='ocrx_word' id='word_1_693' title='bbox 1120 4361 1176 4414; x_wconf 88' lang='grc'>4414-</span> <span class='ocrx_word' id='word_1_694' title='bbox 1214 4363 1263 4416; x_wconf 89' lang='grc'>376</span> <span class='ocrx_word' id='word_1_695' title='bbox 1284 4361 1316 4414; x_wconf 89' lang='grc'>24</span> <span class='ocrx_word' id='word_1_696' title='bbox 1335 4391 1370 4402; x_wconf 97' lang='grc'>-</span> <span class='ocrx_word' id='word_1_697' title='bbox 1389 4369 1427 4416; x_wconf 90' lang='lat' dir='ltr'>est</span> <span class='ocrx_word' id='word_1_698' title='bbox 1440 4365 1466 4414; x_wconf 89' lang='lat' dir='ltr'>in</span> <span class='ocrx_word' id='word_1_699' title='bbox 1479 4361 1601 4430; x_wconf 85' lang='lat' dir='ltr'><strong>pluribus</strong></span> <span class='ocrx_word' id='word_1_700' title='bbox 1613 4367 1721 4430; x_wconf 86' lang='lat' dir='ltr'><strong>prepter</strong></span> <span class='ocrx_word' id='word_1_701' title='bbox 1733 4377 1848 4418; x_wconf 90' lang='lat' dir='ltr'><strong>commu·</strong></span> <span class='ocrx_word' id='word_1_702' title='bbox 1886 4357 2044 4410; x_wconf 80' lang='grc'>119042</span> 
     </span>
     <span class='ocr_line' id='line_1_44' title="bbox 542 4445 2520 4516; baseline -0.003 -14"><span class='ocrx_word' id='word_1_703' title='bbox 542 4451 644 4502; x_wconf 84' lang='grc'>4144411</span> <span class='ocrx_word' id='word_1_704' title='bbox 665 4451 773 4514; x_wconf 74' lang='lat' dir='ltr'><strong>idarg.</strong></span> <span class='ocrx_word' id='word_1_705' title='bbox 794 4451 947 4516; x_wconf 87' lang='grc'>4-4444</span> <span class='ocrx_word' id='word_1_706' title='bbox 976 4455 1014 4502; x_wconf 84' lang='grc'>441</span> <span class='ocrx_word' id='word_1_707' title='bbox 1041 4451 1124 4514; x_wconf 89' lang='lat' dir='ltr'><strong>prima</strong></span> <span class='ocrx_word' id='word_1_708' title='bbox 1150 4451 1175 4500; x_wconf 94' lang='lat' dir='ltr'>in</span> <span class='ocrx_word' id='word_1_709' title='bbox 1214 4449 1612 4516; x_wconf 72' lang='grc'>4144144444144416434*</span> <span class='ocrx_word' id='word_1_710' title='bbox 1939 4447 2067 4498; x_wconf 86' lang='lat' dir='ltr'><strong>-Ratio</strong></span> <span class='ocrx_word' id='word_1_711' title='bbox 2094 4447 2247 4500; x_wconf 87' lang='lat' dir='ltr'><strong>universalis</strong></span> <span class='ocrx_word' id='word_1_712' title='bbox 2274 4459 2325 4498; x_wconf 91' lang='lat' dir='ltr'>uon</span> <span class='ocrx_word' id='word_1_713' title='bbox 2352 4453 2392 4500; x_wconf 92' lang='lat' dir='ltr'>est</span> <span class='ocrx_word' id='word_1_714' title='bbox 2418 4451 2469 4498; x_wconf 88' lang='lat' dir='ltr'><strong>lota</strong></span> <span class='ocrx_word' id='word_1_715' title='bbox 2493 4445 2520 4496; x_wconf 91' lang='lat' dir='ltr'>in</span> 
     </span>
     <span class='ocr_line' id='line_1_45' title="bbox 542 4533 2520 4604; baseline -0.002 -14"><span class='ocrx_word' id='word_1_716' title='bbox 542 4553 636 4604; x_wconf 88' lang='lat' dir='ltr'><strong>genere</strong></span> <span class='ocrx_word' id='word_1_717' title='bbox 656 4539 765 4604; x_wconf 88' lang='lat' dir='ltr'><strong>numeri,</strong></span> <span class='ocrx_word' id='word_1_718' title='bbox 785 4543 823 4592; x_wconf 89' lang='lat' dir='ltr'>est</span> <span class='ocrx_word' id='word_1_719' title='bbox 842 4539 1006 4604; x_wconf 88' lang='lat' dir='ltr'><strong>principium,</strong></span> <span class='ocrx_word' id='word_1_720' title='bbox 1021 4553 1035 4588; x_wconf 91' lang='lat' dir='ltr'>a</span> <span class='ocrx_word' id='word_1_721' title='bbox 1048 4551 1101 4603; x_wconf 87' lang='lat' dir='ltr'><strong>quo</strong></span> <span class='ocrx_word' id='word_1_722' title='bbox 1116 4549 1176 4602; x_wconf 90' lang='lat' dir='ltr'><strong>pos·</strong></span> <span class='ocrx_word' id='word_1_723' title='bbox 1265 4565 1300 4578; x_wconf 89' lang='lat'><em>-</em></span> <span class='ocrx_word' id='word_1_724' title='bbox 1319 4539 1380 4592; x_wconf 90' lang='lat' dir='ltr'><strong>dicit</strong></span> <span class='ocrx_word' id='word_1_725' title='bbox 1404 4541 1615 4592; x_wconf 85' lang='lat' dir='ltr'><strong>communitatem</strong></span> <span class='ocrx_word' id='word_1_726' title='bbox 1641 4539 1785 4592; x_wconf 88' lang='lat' dir='ltr'><strong>secuudum</strong></span> <span class='ocrx_word' id='word_1_727' title='bbox 1804 4553 1849 4604; x_wconf 91' lang='lat' dir='ltr'><strong>po·</strong></span> <span class='ocrx_word' id='word_1_728' title='bbox 1886 4535 1984 4600; x_wconf 85' lang='lat' dir='ltr'><strong>anima,</strong></span> <span class='ocrx_word' id='word_1_729' title='bbox 2004 4533 2050 4586; x_wconf 91' lang='lat' dir='ltr'>sed</span> <span class='ocrx_word' id='word_1_730' title='bbox 2070 4535 2095 4586; x_wconf 94' lang='lat' dir='ltr'>tn</span> <span class='ocrx_word' id='word_1_731' title='bbox 2114 4535 2178 4586; x_wconf 89' lang='lat' dir='ltr'>reV</span> <span class='ocrx_word' id='word_1_732' title='bbox 2193 4535 2244 4586; x_wconf 87' lang='grc'>350</span> <span class='ocrx_word' id='word_1_733' title='bbox 2258 4535 2439 4586; x_wconf 88' lang='grc'>0-14144144</span> <span class='ocrx_word' id='word_1_734' title='bbox 2452 4547 2520 4586; x_wconf 91' lang='lat' dir='ltr'><strong>eom·</strong></span> 
     </span>
     <span class='ocr_line' id='line_1_46' title="bbox 542 4621 2519 4690; baseline 0 -10"><span class='ocrx_word' id='word_1_735' title='bbox 542 4635 601 4680; x_wconf 85' lang='grc'>4441</span> <span class='ocrx_word' id='word_1_736' title='bbox 619 4627 709 4678; x_wconf 86' lang='grc'>44114111</span> <span class='ocrx_word' id='word_1_737' title='bbox 729 4627 830 4678; x_wconf 89' lang='lat' dir='ltr'><strong>numeri</strong></span> <span class='ocrx_word' id='word_1_738' title='bbox 850 4625 938 4690; x_wconf 87' lang='lat' dir='ltr'><strong>egredi</strong></span> <span class='ocrx_word' id='word_1_739' title='bbox 960 4627 978 4676; x_wconf 99' lang='lat' dir='ltr'>ll</span> <span class='ocrx_word' id='word_1_740' title='bbox 998 4625 1031 4676; x_wconf 91' lang='grc'>40</span> <span class='ocrx_word' id='word_1_741' title='bbox 1049 4639 1063 4676; x_wconf 86' lang='grc'>4</span> <span class='ocrx_word' id='word_1_742' title='bbox 1083 4651 1117 4664; x_wconf 84' lang='lat'>-·</span> <span class='ocrx_word' id='word_1_743' title='bbox 1136 4639 1176 4676; x_wconf 84' lang='lat' dir='ltr'>re·</span> <span class='ocrx_word' id='word_1_744' title='bbox 1214 4627 1332 4678; x_wconf 82' lang='lat' dir='ltr'><strong>sirionem</strong></span> <span class='ocrx_word' id='word_1_745' title='bbox 1352 4631 1377 4678; x_wconf 88' lang='lat' dir='ltr'>et</span> <span class='ocrx_word' id='word_1_746' title='bbox 1396 4625 1541 4678; x_wconf 88' lang='lat' dir='ltr'><strong>secundum</strong></span> <span class='ocrx_word' id='word_1_747' title='bbox 1560 4627 1684 4680; x_wconf 85' lang='lat' dir='ltr'><strong>unitatem</strong></span> <span class='ocrx_word' id='word_1_748' title='bbox 1706 4631 1851 4680; x_wconf 90' lang='lat' dir='ltr'><strong>naturaeel</strong></span> <span class='ocrx_word' id='word_1_749' title='bbox 1887 4623 1973 4672; x_wconf 77' lang='lat' dir='ltr'><strong>mullis</strong></span> <span class='ocrx_word' id='word_1_750' title='bbox 1991 4621 2190 4674; x_wconf 69' lang='lat' dir='ltr'><strong>fundamentum</strong></span> <span class='ocrx_word' id='word_1_751' title='bbox 2209 4629 2232 4674; x_wconf 81' lang='grc'>41</span> <span class='ocrx_word' id='word_1_752' title='bbox 2258 4621 2370 4674; x_wconf 74' lang='lat' dir='ltr'><strong>iadicem</strong></span> <span class='ocrx_word' id='word_1_753' title='bbox 2398 4621 2519 4676; x_wconf 75' lang='grc'>1141141111</span> 
     </span>
     <span class='ocr_line' id='line_1_47' title="bbox 541 4707 2276 4786; baseline 0.001 -20"><span class='ocrx_word' id='word_1_754' title='bbox 541 4719 629 4780; x_wconf 90' lang='lat' dir='ltr'><strong>spectu</strong></span> <span class='ocrx_word' id='word_1_755' title='bbox 650 4727 818 4766; x_wconf 88' lang='lat' dir='ltr'><strong>numerorum</strong></span> <span class='ocrx_word' id='word_1_756' title='bbox 840 4713 918 4766; x_wconf 80' lang='lat' dir='ltr'><strong>narbet</strong></span> <span class='ocrx_word' id='word_1_757' title='bbox 935 4715 1076 4778; x_wconf 90' lang='lat' dir='ltr'><strong>polentiam</strong></span> <span class='ocrx_word' id='word_1_758' title='bbox 1097 4711 1176 4764; x_wconf 88' lang='lat' dir='ltr'><strong>inlini·</strong></span> <span class='ocrx_word' id='word_1_759' title='bbox 1214 4713 1451 4786; x_wconf 88' lang='lat' dir='ltr'><strong>secundumrem,</strong></span> <span class='ocrx_word' id='word_1_760' title='bbox 1473 4727 1524 4766; x_wconf 92' lang='lat' dir='ltr'>nou</span> <span class='ocrx_word' id='word_1_761' title='bbox 1543 4715 1627 4766; x_wconf 91' lang='lat' dir='ltr'><strong>solum</strong></span> <span class='ocrx_word' id='word_1_762' title='bbox 1647 4715 1792 4766; x_wconf 75' lang='lat' dir='ltr'><strong>secundun]</strong></span> <span class='ocrx_word' id='word_1_763' title='bbox 1811 4729 1849 4768; x_wconf 87' lang='lat' dir='ltr'>ra·</span> <span class='ocrx_word' id='word_1_764' title='bbox 1886 4723 1914 4760; x_wconf 78' lang='lat' dir='ltr'>re</span> <span class='ocrx_word' id='word_1_765' title='bbox 1931 4709 1941 4760; x_wconf 85' lang='lat' dir='ltr'>l</span> <span class='ocrx_word' id='word_1_766' title='bbox 1961 4707 2048 4760; x_wconf 71' lang='grc'>44311</span> <span class='ocrx_word' id='word_1_767' title='bbox 2275 4707 2276 4710; x_wconf 65' lang='grc'>’</span> 
     </span>
     <span class='ocr_line' id='line_1_48' title="bbox 542 4795 2520 4868; baseline 0.003 -14"><span class='ocrx_word' id='word_1_768' title='bbox 542 4807 594 4856; x_wconf 91' lang='lat' dir='ltr'>lam</span> <span class='ocrx_word' id='word_1_769' title='bbox 612 4805 711 4856; x_wconf 90' lang='lat' dir='ltr'><strong>ratione</strong></span> <span class='ocrx_word' id='word_1_770' title='bbox 730 4803 865 4868; x_wconf 86' lang='lat' dir='ltr'><strong>primltolis</strong></span> <span class='ocrx_word' id='word_1_771' title='bbox 884 4804 893 4853; x_wconf 96' lang='lat' dir='ltr'><strong>l</strong></span> <span class='ocrx_word' id='word_1_772' title='bbox 913 4799 957 4852; x_wconf 90' lang='grc'>471</span> <span class='ocrx_word' id='word_1_773' title='bbox 976 4817 988 4854; x_wconf 88' lang='grc'>4</span> <span class='ocrx_word' id='word_1_774' title='bbox 1009 4829 1042 4838; x_wconf 93' lang='grc'><strong>-</strong></span> <span class='ocrx_word' id='word_1_775' title='bbox 1061 4799 1102 4854; x_wconf 81' lang='lat' dir='ltr'>Ab</span> <span class='ocrx_word' id='word_1_776' title='bbox 1120 4801 1176 4852; x_wconf 91' lang='lat' dir='ltr'><strong>uni·</strong></span> <span class='ocrx_word' id='word_1_777' title='bbox 1213 4795 1739 4868; x_wconf 82' lang='grc'>444441414444.1431*-14</span> <span class='ocrx_word' id='word_1_778' title='bbox 1766 4805 1848 4856; x_wconf 85' lang='lat' dir='ltr'><strong>torma</strong></span> <span class='ocrx_word' id='word_1_779' title='bbox 1937 4801 2130 4848; x_wconf 90' lang='lat' dir='ltr'><strong>-estuuuru</strong></span> <span class='ocrx_word' id='word_1_780' title='bbox 2150 4797 2183 4850; x_wconf 73' lang='grc'>09</span> <span class='ocrx_word' id='word_1_781' title='bbox 2204 4798 2292 4860; x_wconf 62' lang='lat' dir='ltr'><strong>mulli,</strong></span> <span class='ocrx_word' id='word_1_782' title='bbox 2311 4799 2437 4850; x_wconf 90' lang='lat' dir='ltr'><strong>unumin</strong></span> <span class='ocrx_word' id='word_1_783' title='bbox 2457 4799 2520 4850; x_wconf 74' lang='grc'>14191·</span> 
     </span>
     <span class='ocr_line' id='line_1_49' title="bbox 541 4883 2519 4956; baseline -0.006 -12"><span class='ocrx_word' id='word_1_784' title='bbox 541 4895 591 4944; x_wconf 88' lang='lat' dir='ltr'><strong>late</strong></span> <span class='ocrx_word' id='word_1_785' title='bbox 608 4889 751 4956; x_wconf 85' lang='lat' dir='ltr'><strong>procedunt</strong></span> <span class='ocrx_word' id='word_1_786' title='bbox 763 4891 876 4942; x_wconf 90' lang='lat' dir='ltr'><strong>inllultae</strong></span> <span class='ocrx_word' id='word_1_787' title='bbox 890 4891 990 4956; x_wconf 88' lang='lat' dir='ltr'><strong>species</strong></span> <span class='ocrx_word' id='word_1_788' title='bbox 1005 4901 1175 4940; x_wconf 87' lang='lat' dir='ltr'><strong>numerorum</strong></span> <span class='ocrx_word' id='word_1_789' title='bbox 1214 4889 1352 4944; x_wconf 71' lang='lat' dir='ltr'><strong>uniuersali</strong></span> <span class='ocrx_word' id='word_1_790' title='bbox 1370 4889 1446 4954; x_wconf 90' lang='lat' dir='ltr'><strong>plura</strong></span> <span class='ocrx_word' id='word_1_791' title='bbox 1466 4889 1566 4940; x_wconf 89' lang='lat' dir='ltr'><strong>realiter</strong></span> <span class='ocrx_word' id='word_1_792' title='bbox 1580 4889 1843 4942; x_wconf 82' lang='grc'>44444114414411441</span> <span class='ocrx_word' id='word_1_793' title='bbox 1886 4883 1925 4950; x_wconf 88' lang='lat' dir='ltr'><strong>tls,</strong></span> <span class='ocrx_word' id='word_1_794' title='bbox 1946 4897 2028 4936; x_wconf 91' lang='lat' dir='ltr'><strong>uuum</strong></span> <span class='ocrx_word' id='word_1_795' title='bbox 2047 4891 2151 4948; x_wconf 86' lang='lat' dir='ltr'><strong>praeter</strong></span> <span class='ocrx_word' id='word_1_796' title='bbox 2163 4885 2243 4936; x_wconf 86' lang='grc'>444114</span> <span class='ocrx_word' id='word_1_797' title='bbox 2258 4887 2278 4936; x_wconf 81' lang='lat' dir='ltr'>V</span> <span class='ocrx_word' id='word_1_798' title='bbox 2292 4885 2371 4938; x_wconf 85' lang='grc'>3500</span> <span class='ocrx_word' id='word_1_799' title='bbox 2387 4913 2420 4924; x_wconf 91' lang='grc'>-</span> <span class='ocrx_word' id='word_1_800' title='bbox 2435 4885 2519 4938; x_wconf 86' lang='lat' dir='ltr'><strong>linum</strong></span> 
     </span>
     <span class='ocr_line' id='line_1_50' title="bbox 542 4973 2519 5048; baseline -0.003 -18"><span class='ocrx_word' id='word_1_801' title='bbox 542 4977 683 5032; x_wconf 86' lang='grc'>116310*</span> <span class='ocrx_word' id='word_1_802' title='bbox 705 5005 741 5018; x_wconf 82' lang='lat'>·-·</span> <span class='ocrx_word' id='word_1_803' title='bbox 763 4979 860 5030; x_wconf 88' lang='lat' dir='ltr'><strong>Omnes</strong></span> <span class='ocrx_word' id='word_1_804' title='bbox 887 4979 990 5030; x_wconf 87' lang='lat' dir='ltr'><strong>nuureri</strong></span> <span class='ocrx_word' id='word_1_805' title='bbox 1018 4977 1176 5042; x_wconf 79' lang='lat' dir='ltr'><strong>originaliter</strong></span> <span class='ocrx_word' id='word_1_806' title='bbox 1214 4977 1238 5030; x_wconf 85' lang='lat' dir='ltr'>n.</span> <span class='ocrx_word' id='word_1_807' title='bbox 1259 4975 1309 5030; x_wconf 87' lang='grc'>443</span> <span class='ocrx_word' id='word_1_808' title='bbox 1330 4975 1358 5030; x_wconf 85' lang='grc'>3*</span> <span class='ocrx_word' id='word_1_809' title='bbox 1382 4973 1443 5030; x_wconf 87' lang='lat' dir='ltr'><strong>Vide</strong></span> <span class='ocrx_word' id='word_1_810' title='bbox 1467 4975 1494 5028; x_wconf 88' lang='lat' dir='ltr'>V.</span> <span class='ocrx_word' id='word_1_811' title='bbox 1514 4975 1632 5032; x_wconf 84' lang='lat' dir='ltr'><strong>Natura.</strong></span> <span class='ocrx_word' id='word_1_812' title='bbox 1655 5003 1687 5012; x_wconf 89' lang='lat'>-</span> <span class='ocrx_word' id='word_1_813' title='bbox 1706 4979 1848 5040; x_wconf 72' lang='lat' dir='ltr'><strong>Formam</strong></span> <span class='ocrx_word' id='word_1_814' title='bbox 1886 4973 1919 5024; x_wconf 90' lang='grc'>44</span> <span class='ocrx_word' id='word_1_815' title='bbox 1938 4973 2018 5024; x_wconf 90' lang='lat' dir='ltr'><strong>multa</strong></span> <span class='ocrx_word' id='word_1_816' title='bbox 2036 4973 2118 5026; x_wconf 87' lang='lat' dir='ltr'><strong>estin</strong></span> <span class='ocrx_word' id='word_1_817' title='bbox 2144 4975 2257 5038; x_wconf 90' lang='lat' dir='ltr'><strong>potentia</strong></span> <span class='ocrx_word' id='word_1_818' title='bbox 2286 4973 2421 5048; x_wconf 88' lang='lat' dir='ltr'><strong>materiae,</strong></span> <span class='ocrx_word' id='word_1_819' title='bbox 2448 4973 2519 5040; x_wconf 88' lang='lat' dir='ltr'><strong>quod</strong></span> 
     </span>
     <span class='ocr_line' id='line_1_51' title="bbox 542 5059 2520 5132; baseline -0.004 -12"><span class='ocrx_word' id='word_1_820' title='bbox 542 5069 643 5120; x_wconf 87' lang='grc'>444144</span> <span class='ocrx_word' id='word_1_821' title='bbox 666 5065 1175 5132; x_wconf 77' lang='grc'>44414471944-4444444144</span> <span class='ocrx_word' id='word_1_822' title='bbox 1214 5065 1357 5132; x_wconf 89' lang='grc'>44441444</span> <span class='ocrx_word' id='word_1_823' title='bbox 1382 5065 1566 5130; x_wconf 86' lang='lat' dir='ltr'><strong>assimilantur,</strong></span> <span class='ocrx_word' id='word_1_824' title='bbox 1594 5065 1848 5118; x_wconf 84' lang='grc'>4414444444414411</span> <span class='ocrx_word' id='word_1_825' title='bbox 1886 5073 1936 5112; x_wconf 89' lang='lat' dir='ltr'>nou</span> <span class='ocrx_word' id='word_1_826' title='bbox 1957 5065 1995 5112; x_wconf 86' lang='lat' dir='ltr'>est</span> <span class='ocrx_word' id='word_1_827' title='bbox 2015 5061 2172 5126; x_wconf 86' lang='lat' dir='ltr'><strong>completam</strong></span> <span class='ocrx_word' id='word_1_828' title='bbox 2192 5059 2253 5116; x_wconf 82' lang='lat' dir='ltr'><strong>tatu.</strong></span> <span class='ocrx_word' id='word_1_829' title='bbox 2272 5063 2520 5126; x_wconf 87' lang='lat' dir='ltr'><strong>-ltuumpraeter</strong></span> 
     </span>
     <span class='ocr_line' id='line_1_52' title="bbox 542 5147 2520 5222; baseline -0.003 -16"><span class='ocrx_word' id='word_1_830' title='bbox 542 5165 667 5222; x_wconf 88' lang='lat' dir='ltr'><strong>gnoscere</strong></span> <span class='ocrx_word' id='word_1_831' title='bbox 685 5159 765 5206; x_wconf 93' lang='lat' dir='ltr'><strong>tolum</strong></span> <span class='ocrx_word' id='word_1_832' title='bbox 790 5167 868 5220; x_wconf 88' lang='lat' dir='ltr'><strong>posse</strong></span> <span class='ocrx_word' id='word_1_833' title='bbox 893 5167 985 5220; x_wconf 84' lang='lat' dir='ltr'><strong>suurn,</strong></span> <span class='ocrx_word' id='word_1_834' title='bbox 1006 5159 1176 5220; x_wconf 86' lang='lat' dir='ltr'><strong>cognosceret</strong></span> <span class='ocrx_word' id='word_1_835' title='bbox 1214 5153 1264 5206; x_wconf 85' lang='grc'>449</span> <span class='ocrx_word' id='word_1_836' title='bbox 1283 5169 1297 5206; x_wconf 89' lang='lat' dir='ltr'>a</span> <span class='ocrx_word' id='word_1_837' title='bbox 1315 5153 1453 5206; x_wconf 90' lang='lat' dir='ltr'><strong>—estin</strong></span> <span class='ocrx_word' id='word_1_838' title='bbox 1481 5153 1541 5216; x_wconf 91' lang='lat' dir='ltr'><strong>plus</strong></span> <span class='ocrx_word' id='word_1_839' title='bbox 1565 5159 1591 5206; x_wconf 89' lang='lat' dir='ltr'>el</span> <span class='ocrx_word' id='word_1_840' title='bbox 1614 5155 1654 5204; x_wconf 89' lang='lat' dir='ltr'>est</span> <span class='ocrx_word' id='word_1_841' title='bbox 1677 5153 1848 5206; x_wconf 86' lang='lat' dir='ltr'><strong>univocuml</strong></span> <span class='ocrx_word' id='word_1_842' title='bbox 1886 5147 2520 5204; x_wconf 75' lang='grc'>44114441144414444044.-4444444444-</span> 
     </span>
     <span class='ocr_line' id='line_1_53' title="bbox 541 5233 2520 5314; baseline -0.002 -20"><span class='ocrx_word' id='word_1_843' title='bbox 541 5257 630 5296; x_wconf 87' lang='grc'>444444</span> <span class='ocrx_word' id='word_1_844' title='bbox 650 5255 774 5296; x_wconf 89' lang='lat' dir='ltr'><strong>numeros</strong></span> <span class='ocrx_word' id='word_1_845' title='bbox 793 5241 880 5294; x_wconf 87' lang='grc'>11344</span> <span class='ocrx_word' id='word_1_846' title='bbox 901 5243 971 5294; x_wconf 84' lang='grc'>5-</span> <span class='ocrx_word' id='word_1_847' title='bbox 987 5249 1026 5294; x_wconf 86' lang='grc'>441</span> <span class='ocrx_word' id='word_1_848' title='bbox 1045 5243 1129 5308; x_wconf 90' lang='lat' dir='ltr'><strong>prima</strong></span> <span class='ocrx_word' id='word_1_849' title='bbox 1148 5243 1173 5294; x_wconf 91' lang='lat' dir='ltr'>in</span> <span class='ocrx_word' id='word_1_850' title='bbox 1213 5243 1264 5296; x_wconf 90' lang='grc'>357</span> <span class='ocrx_word' id='word_1_851' title='bbox 1283 5255 1341 5306; x_wconf 89' lang='lat' dir='ltr'><strong>arg.</strong></span> <span class='ocrx_word' id='word_1_852' title='bbox 1361 5243 1375 5292; x_wconf 86' lang='lat'><strong>3</strong></span> <span class='ocrx_word' id='word_1_853' title='bbox 1886 5243 1957 5288; x_wconf 89' lang='lat' dir='ltr'><strong>terna</strong></span> <span class='ocrx_word' id='word_1_854' title='bbox 1974 5233 2036 5290; x_wconf 82' lang='lat' dir='ltr'><strong>itia.</strong></span> <span class='ocrx_word' id='word_1_855' title='bbox 2053 5265 2090 5314; x_wconf 64' lang='lat'>-7-</span> <span class='ocrx_word' id='word_1_856' title='bbox 2107 5251 2155 5302; x_wconf 90' lang='lat' dir='ltr'>per</span> <span class='ocrx_word' id='word_1_857' title='bbox 2172 5247 2256 5292; x_wconf 87' lang='lat' dir='ltr'><strong>artem</strong></span> <span class='ocrx_word' id='word_1_858' title='bbox 2279 5245 2408 5292; x_wconf 89' lang='lat' dir='ltr'><strong>aeternam</strong></span> <span class='ocrx_word' id='word_1_859' title='bbox 2435 5245 2460 5290; x_wconf 91' lang='lat' dir='ltr'>et</span> <span class='ocrx_word' id='word_1_860' title='bbox 2477 5251 2520 5290; x_wconf 86' lang='lat' dir='ltr'>ra-</span> 
     </span>
     <span class='ocr_line' id='line_1_54' title="bbox 541 5323 2286 5396; baseline -0.001 -12"><span class='ocrx_word' id='word_1_861' title='bbox 541 5345 667 5396; x_wconf 90' lang='lat' dir='ltr'><strong>numero,</strong></span> <span class='ocrx_word' id='word_1_862' title='bbox 683 5337 708 5384; x_wconf 93' lang='lat' dir='ltr'>et</span> <span class='ocrx_word' id='word_1_863' title='bbox 727 5337 786 5384; x_wconf 87' lang='lat' dir='ltr'><strong>ante</strong></span> <span class='ocrx_word' id='word_1_864' title='bbox 803 5345 861 5382; x_wconf 90' lang='lat' dir='ltr'>eam</span> <span class='ocrx_word' id='word_1_865' title='bbox 881 5331 942 5382; x_wconf 79' lang='lat' dir='ltr'><strong>nillil</strong></span> <span class='ocrx_word' id='word_1_866' title='bbox 963 5335 1001 5382; x_wconf 88' lang='lat' dir='ltr'>est</span> <span class='ocrx_word' id='word_1_867' title='bbox 1019 5331 1044 5382; x_wconf 91' lang='lat' dir='ltr'>in</span> <span class='ocrx_word' id='word_1_868' title='bbox 1063 5345 1173 5384; x_wconf 89' lang='lat' dir='ltr'><strong>nurnero</strong></span> <span class='ocrx_word' id='word_1_869' title='bbox 1265 5357 1299 5370; x_wconf 83' lang='lat'>-·-</span> <span class='ocrx_word' id='word_1_870' title='bbox 1318 5327 1465 5382; x_wconf 91' lang='lat' dir='ltr'><strong>secundum</strong></span> <span class='ocrx_word' id='word_1_871' title='bbox 1483 5327 1585 5394; x_wconf 83' lang='lat' dir='ltr'><strong>aliquos</strong></span> <span class='ocrx_word' id='word_1_872' title='bbox 1601 5327 1769 5392; x_wconf 88' lang='lat' dir='ltr'><strong>probabiliter</strong></span> <span class='ocrx_word' id='word_1_873' title='bbox 1787 5337 1847 5384; x_wconf 90' lang='lat' dir='ltr'><strong>suut</strong></span> <span class='ocrx_word' id='word_1_874' title='bbox 1885 5325 1980 5378; x_wconf 77' lang='lat' dir='ltr'><strong>tionem</strong></span> <span class='ocrx_word' id='word_1_875' title='bbox 2000 5327 2113 5378; x_wconf 80' lang='lat' dir='ltr'><strong>consistit</strong></span> <span class='ocrx_word' id='word_1_876' title='bbox 2133 5327 2158 5378; x_wconf 86' lang='lat' dir='ltr'>in</span> <span class='ocrx_word' id='word_1_877' title='bbox 2178 5339 2207 5378; x_wconf 81' lang='lat' dir='ltr'>le</span> <span class='ocrx_word' id='word_1_878' title='bbox 2224 5323 2286 5380; x_wconf 81' lang='lat' dir='ltr'><strong>ibid.</strong></span> 
     </span>
     <span class='ocr_line' id='line_1_55' title="bbox 540 5413 2518 5484; baseline -0.003 -12"><span class='ocrx_word' id='word_1_879' title='bbox 540 5421 547 5472; x_wconf 96' lang='lat' dir='ltr'><strong>t</strong></span> <span class='ocrx_word' id='word_1_880' title='bbox 566 5417 869 5484; x_wconf 85' lang='grc'>5494-44144144114</span> <span class='ocrx_word' id='word_1_881' title='bbox 889 5421 1103 5484; x_wconf 82' lang='grc'>4441444444,</span> <span class='ocrx_word' id='word_1_882' title='bbox 1121 5431 1172 5470; x_wconf 91' lang='lat' dir='ltr'>nou</span> <span class='ocrx_word' id='word_1_883' title='bbox 1211 5417 1313 5470; x_wconf 89' lang='lat' dir='ltr'><strong>realiter</strong></span> <span class='ocrx_word' id='word_1_884' title='bbox 1333 5419 1356 5468; x_wconf 89' lang='lat' dir='ltr'>in</span> <span class='ocrx_word' id='word_1_885' title='bbox 1377 5421 1468 5468; x_wconf 88' lang='lat' dir='ltr'><strong>natura</strong></span> <span class='ocrx_word' id='word_1_886' title='bbox 1487 5421 1514 5466; x_wconf 89' lang='grc'>41</span> <span class='ocrx_word' id='word_1_887' title='bbox 1532 5415 1627 5468; x_wconf 87' lang='lat' dir='ltr'><strong>nabent</strong></span> <span class='ocrx_word' id='word_1_888' title='bbox 1646 5431 1703 5468; x_wconf 91' lang='lat' dir='ltr'><strong>csse</strong></span> <span class='ocrx_word' id='word_1_889' title='bbox 1721 5419 1745 5468; x_wconf 93' lang='lat' dir='ltr'>in</span> <span class='ocrx_word' id='word_1_890' title='bbox 1766 5425 1847 5472; x_wconf 87' lang='lat' dir='ltr'><strong>mate·</strong></span> <span class='ocrx_word' id='word_1_891' title='bbox 1935 5441 1971 5452; x_wconf 95' lang='lat'><em>-</em></span> <span class='ocrx_word' id='word_1_892' title='bbox 1989 5423 2028 5468; x_wconf 90' lang='lat' dir='ltr'>est</span> <span class='ocrx_word' id='word_1_893' title='bbox 2046 5427 2152 5478; x_wconf 85' lang='lat' dir='ltr'><strong>semper</strong></span> <span class='ocrx_word' id='word_1_894' title='bbox 2168 5419 2195 5466; x_wconf 87' lang='lat' dir='ltr'>el</span> <span class='ocrx_word' id='word_1_895' title='bbox 2213 5413 2312 5482; x_wconf 84' lang='lat' dir='ltr'><strong>ubique</strong></span> <span class='ocrx_word' id='word_1_896' title='bbox 2331 5417 2339 5466; x_wconf 98' lang='lat' dir='ltr'><strong>l</strong></span> <span class='ocrx_word' id='word_1_897' title='bbox 2358 5415 2408 5466; x_wconf 88' lang='grc'>459</span> <span class='ocrx_word' id='word_1_898' title='bbox 2423 5429 2478 5480; x_wconf 85' lang='lat' dir='ltr'><strong>arg.</strong></span> <span class='ocrx_word' id='word_1_899' title='bbox 2493 5417 2518 5466; x_wconf 90' lang='grc'>3.</span> 
     </span>
     <span class='ocr_line' id='line_1_56' title="bbox 539 5501 2518 5572; baseline -0.002 -14"><span class='ocrx_word' id='word_1_900' title='bbox 539 5509 669 5560; x_wconf 81' lang='lat' dir='ltr'><strong>sufficiens</strong></span> <span class='ocrx_word' id='word_1_901' title='bbox 683 5521 729 5572; x_wconf 90' lang='lat' dir='ltr'>per</span> <span class='ocrx_word' id='word_1_902' title='bbox 743 5521 773 5560; x_wconf 92' lang='lat' dir='ltr'>se</span> <span class='ocrx_word' id='word_1_903' title='bbox 788 5505 820 5558; x_wconf 88' lang='lat' dir='ltr'>ad</span> <span class='ocrx_word' id='word_1_904' title='bbox 834 5519 892 5560; x_wconf 90' lang='lat' dir='ltr'>eam</span> <span class='ocrx_word' id='word_1_905' title='bbox 909 5507 1105 5570; x_wconf 89' lang='lat' dir='ltr'><strong>producendam</strong></span> <span class='ocrx_word' id='word_1_906' title='bbox 1125 5519 1173 5558; x_wconf 89' lang='lat' dir='ltr'>nec</span> <span class='ocrx_word' id='word_1_907' title='bbox 1211 5507 1248 5558; x_wconf 89' lang='lat' dir='ltr'>ria</span> <span class='ocrx_word' id='word_1_908' title='bbox 1268 5513 1296 5558; x_wconf 92' lang='lat' dir='ltr'>ut</span> <span class='ocrx_word' id='word_1_909' title='bbox 1315 5507 1413 5558; x_wconf 90' lang='lat' dir='ltr'><strong>lormae</strong></span> <span class='ocrx_word' id='word_1_910' title='bbox 1432 5503 1604 5570; x_wconf 87' lang='lat' dir='ltr'><strong>incomplelae</strong></span> <span class='ocrx_word' id='word_1_911' title='bbox 1624 5505 1641 5556; x_wconf 99' lang='lat' dir='ltr'>ll</span> <span class='ocrx_word' id='word_1_912' title='bbox 1662 5501 1713 5556; x_wconf 88' lang='grc'>440</span> <span class='ocrx_word' id='word_1_913' title='bbox 1731 5505 1749 5556; x_wconf 88' lang='lat' dir='ltr'>b</span> <span class='ocrx_word' id='word_1_914' title='bbox 1885 5501 1935 5552; x_wconf 89' lang='grc'>649</span> <span class='ocrx_word' id='word_1_915' title='bbox 1955 5515 2012 5568; x_wconf 89' lang='lat' dir='ltr'><strong>arg.</strong></span> <span class='ocrx_word' id='word_1_916' title='bbox 2031 5501 2055 5552; x_wconf 95' lang='grc'>1.</span> <span class='ocrx_word' id='word_1_917' title='bbox 2075 5503 2093 5552; x_wconf 94' lang='grc'>11</span> <span class='ocrx_word' id='word_1_918' title='bbox 2111 5501 2146 5554; x_wconf 92' lang='grc'>79</span> <span class='ocrx_word' id='word_1_919' title='bbox 2164 5515 2221 5568; x_wconf 89' lang='lat' dir='ltr'><strong>arg.</strong></span> <span class='ocrx_word' id='word_1_920' title='bbox 2240 5503 2266 5554; x_wconf 92' lang='grc'>3.</span> <span class='ocrx_word' id='word_1_921' title='bbox 2282 5503 2315 5554; x_wconf 88' lang='grc'>89</span> <span class='ocrx_word' id='word_1_922' title='bbox 2330 5503 2345 5554; x_wconf 92' lang='grc'>1.</span> <span class='ocrx_word' id='word_1_923' title='bbox 2360 5503 2385 5554; x_wconf 89' lang='lat'>3.</span> <span class='ocrx_word' id='word_1_924' title='bbox 2400 5501 2478 5556; x_wconf 90' lang='grc'>1391.</span> <span class='ocrx_word' id='word_1_925' title='bbox 2493 5507 2518 5556; x_wconf 85' lang='grc'>2.</span> 
     </span>
     <span class='ocr_line' id='line_1_57' title="bbox 539 5589 2517 5662; baseline -0.001 -14"><span class='ocrx_word' id='word_1_926' title='bbox 539 5597 645 5648; x_wconf 91' lang='lat' dir='ltr'><strong>omnino</strong></span> <span class='ocrx_word' id='word_1_927' title='bbox 669 5595 790 5662; x_wconf 88' lang='lat' dir='ltr'><strong>actualis,</strong></span> <span class='ocrx_word' id='word_1_928' title='bbox 810 5595 858 5648; x_wconf 89' lang='lat' dir='ltr'>sed</span> <span class='ocrx_word' id='word_1_929' title='bbox 884 5595 962 5648; x_wconf 89' lang='lat' dir='ltr'><strong>etiam</strong></span> <span class='ocrx_word' id='word_1_930' title='bbox 986 5593 1172 5660; x_wconf 85' lang='grc'>4144444444</span> <span class='ocrx_word' id='word_1_931' title='bbox 1263 5593 1401 5646; x_wconf 90' lang='lat' dir='ltr'><strong>-solum</strong></span> <span class='ocrx_word' id='word_1_932' title='bbox 1421 5591 1511 5644; x_wconf 85' lang='lat' dir='ltr'><strong>dicunt</strong></span> <span class='ocrx_word' id='word_1_933' title='bbox 1529 5591 1626 5644; x_wconf 90' lang='lat' dir='ltr'><strong>lormas</strong></span> <span class='ocrx_word' id='word_1_934' title='bbox 1646 5593 1663 5644; x_wconf 94' lang='lat' dir='ltr'>ll</span> <span class='ocrx_word' id='word_1_935' title='bbox 1684 5593 1734 5646; x_wconf 93' lang='grc'>109</span> <span class='ocrx_word' id='word_1_936' title='bbox 1752 5593 1780 5648; x_wconf 90' lang='lat' dir='ltr'>b.</span> <span class='ocrx_word' id='word_1_937' title='bbox 1794 5593 1846 5648; x_wconf 89' lang='grc'>445</span> <span class='ocrx_word' id='word_1_938' title='bbox 1884 5591 1906 5642; x_wconf 88' lang='lat' dir='ltr'>V</span> <span class='ocrx_word' id='word_1_939' title='bbox 1925 5591 1959 5642; x_wconf 85' lang='lat'>83</span> <span class='ocrx_word' id='word_1_940' title='bbox 1979 5589 2033 5642; x_wconf 83' lang='lat' dir='ltr'>ll*.</span> <span class='ocrx_word' id='word_1_941' title='bbox 2052 5591 2099 5642; x_wconf 81' lang='grc'>541</span> <span class='ocrx_word' id='word_1_942' title='bbox 2123 5593 2140 5644; x_wconf 90' lang='grc'>9</span> <span class='ocrx_word' id='word_1_943' title='bbox 2158 5619 2193 5630; x_wconf 89' lang='lat'>-··</span> <span class='ocrx_word' id='word_1_944' title='bbox 2212 5597 2250 5644; x_wconf 82' lang='lat' dir='ltr'>est</span> <span class='ocrx_word' id='word_1_945' title='bbox 2275 5591 2373 5660; x_wconf 81' lang='lat' dir='ltr'><strong>ubique</strong></span> <span class='ocrx_word' id='word_1_946' title='bbox 2399 5597 2517 5656; x_wconf 86' lang='lat' dir='ltr'><strong>respectu</strong></span> 
     </span>
     <span class='ocr_line' id='line_1_58' title="bbox 539 5677 2517 5748; baseline 0.002 -14"><span class='ocrx_word' id='word_1_947' title='bbox 539 5687 642 5748; x_wconf 85' lang='lat' dir='ltr'><strong>passiva</strong></span> <span class='ocrx_word' id='word_1_948' title='bbox 665 5685 680 5732; x_wconf 90' lang='lat' dir='ltr'>rr</span> <span class='ocrx_word' id='word_1_949' title='bbox 701 5685 735 5734; x_wconf 81' lang='lat' dir='ltr'>aa</span> <span class='ocrx_word' id='word_1_950' title='bbox 755 5681 784 5736; x_wconf 80' lang='lat' dir='ltr'>l*</span> <span class='ocrx_word' id='word_1_951' title='bbox 1212 5679 1247 5732; x_wconf 79' lang='lat' dir='ltr'>t*.</span> <span class='ocrx_word' id='word_1_952' title='bbox 1269 5679 1318 5732; x_wconf 88' lang='grc'>410</span> <span class='ocrx_word' id='word_1_953' title='bbox 1340 5681 1354 5732; x_wconf 89' lang='lat' dir='ltr'>l.</span> <span class='ocrx_word' id='word_1_954' title='bbox 1370 5679 1393 5732; x_wconf 89' lang='grc'>4.</span> <span class='ocrx_word' id='word_1_955' title='bbox 1414 5677 1460 5732; x_wconf 88' lang='grc'>441</span> <span class='ocrx_word' id='word_1_956' title='bbox 1484 5681 1501 5732; x_wconf 86' lang='grc'>6</span> <span class='ocrx_word' id='word_1_957' title='bbox 1523 5709 1554 5718; x_wconf 89' lang='grc'>-</span> <span class='ocrx_word' id='word_1_958' title='bbox 1575 5681 1664 5734; x_wconf 81' lang='lat' dir='ltr'><strong>dicum</strong></span> <span class='ocrx_word' id='word_1_959' title='bbox 1682 5681 1780 5736; x_wconf 79' lang='lat' dir='ltr'><strong>formas</strong></span> <span class='ocrx_word' id='word_1_960' title='bbox 1799 5697 1846 5738; x_wconf 87' lang='lat' dir='ltr'>nec</span> <span class='ocrx_word' id='word_1_961' title='bbox 1883 5693 1992 5732; x_wconf 83' lang='lat' dir='ltr'><strong>suorum</strong></span> <span class='ocrx_word' id='word_1_962' title='bbox 2012 5677 2197 5744; x_wconf 74' lang='lat' dir='ltr'><strong>singularium,</strong></span> <span class='ocrx_word' id='word_1_963' title='bbox 2216 5687 2240 5732; x_wconf 87' lang='lat' dir='ltr'>et</span> <span class='ocrx_word' id='word_1_964' title='bbox 2264 5693 2316 5732; x_wconf 86' lang='lat' dir='ltr'><strong>oon</strong></span> <span class='ocrx_word' id='word_1_965' title='bbox 2339 5681 2491 5746; x_wconf 81' lang='lat' dir='ltr'><strong>simpliciter</strong></span> <span class='ocrx_word' id='word_1_966' title='bbox 2510 5681 2517 5732; x_wconf 95' lang='lat' dir='ltr'><strong>l</strong></span> 
     </span>
     <span class='ocr_line' id='line_1_59' title="bbox 594 5765 2040 5836; baseline -0.004 -14"><span class='ocrx_word' id='word_1_967' title='bbox 594 5799 625 5808; x_wconf 77' lang='lat'>—-</span> <span class='ocrx_word' id='word_1_968' title='bbox 645 5771 766 5836; x_wconf 88' lang='lat' dir='ltr'><strong>limitata,</strong></span> <span class='ocrx_word' id='word_1_969' title='bbox 792 5785 859 5836; x_wconf 88' lang='lat' dir='ltr'><strong>quae</strong></span> <span class='ocrx_word' id='word_1_970' title='bbox 887 5771 945 5834; x_wconf 91' lang='lat' dir='ltr'><strong>plus</strong></span> <span class='ocrx_word' id='word_1_971' title='bbox 973 5777 1011 5822; x_wconf 88' lang='lat' dir='ltr'>est</span> <span class='ocrx_word' id='word_1_972' title='bbox 1038 5783 1098 5822; x_wconf 87' lang='lat' dir='ltr'>cum</span> <span class='ocrx_word' id='word_1_973' title='bbox 1122 5769 1173 5820; x_wconf 89' lang='lat' dir='ltr'><strong>alio</strong></span> <span class='ocrx_word' id='word_1_974' title='bbox 1211 5777 1368 5822; x_wconf 87' lang='lat' dir='ltr'><strong>concernunt</strong></span> <span class='ocrx_word' id='word_1_975' title='bbox 1388 5771 1524 5822; x_wconf 88' lang='lat' dir='ltr'><strong>materiam</strong></span> <span class='ocrx_word' id='word_1_976' title='bbox 1545 5771 1594 5822; x_wconf 91' lang='lat' dir='ltr'><strong>nisi</strong></span> <span class='ocrx_word' id='word_1_977' title='bbox 1613 5771 1713 5823; x_wconf 90' lang='lat' dir='ltr'><strong>ratione</strong></span> <span class='ocrx_word' id='word_1_978' title='bbox 1736 5784 1844 5823; x_wconf 87' lang='lat' dir='ltr'><strong>suorum</strong></span> <span class='ocrx_word' id='word_1_979' title='bbox 1884 5765 1934 5818; x_wconf 87' lang='grc'>612</span> <span class='ocrx_word' id='word_1_980' title='bbox 1954 5767 2040 5832; x_wconf 78' lang='lat' dir='ltr'><strong>argi</strong></span> 
     </span>
     <span class='ocr_line' id='line_1_60' title="bbox 514 5853 2517 5924; baseline 0 -14"><span class='ocrx_word' id='word_1_981' title='bbox 514 5873 618 5924; x_wconf 63' lang='lat' dir='ltr'><strong>‘qlialn</strong></span> <span class='ocrx_word' id='word_1_982' title='bbox 638 5873 686 5924; x_wconf 91' lang='lat' dir='ltr'>per</span> <span class='ocrx_word' id='word_1_983' title='bbox 698 5873 727 5910; x_wconf 90' lang='lat' dir='ltr'>se</span> <span class='ocrx_word' id='word_1_984' title='bbox 740 5861 834 5924; x_wconf 85' lang='lat' dir='ltr'><strong>ipsam,</strong></span> <span class='ocrx_word' id='word_1_985' title='bbox 850 5859 909 5912; x_wconf 89' lang='lat' dir='ltr'><strong>lacit</strong></span> <span class='ocrx_word' id='word_1_986' title='bbox 921 5857 1111 5912; x_wconf 89' lang='lat' dir='ltr'><strong>multitudinem</strong></span> <span class='ocrx_word' id='word_1_987' title='bbox 1125 5869 1172 5920; x_wconf 90' lang='lat' dir='ltr'>per</span> <span class='ocrx_word' id='word_1_988' title='bbox 1210 5855 1408 5910; x_wconf 89' lang='lat' dir='ltr'><strong>individuorum</strong></span> <span class='ocrx_word' id='word_1_989' title='bbox 1426 5857 1445 5908; x_wconf 98' lang='lat' dir='ltr'>ll</span> <span class='ocrx_word' id='word_1_990' title='bbox 1465 5853 1611 5908; x_wconf 86' lang='grc'>1101*-</span> <span class='ocrx_word' id='word_1_991' title='bbox 1633 5859 1715 5912; x_wconf 87' lang='lat' dir='ltr'><strong>Homo</strong></span> <span class='ocrx_word' id='word_1_992' title='bbox 1732 5861 1758 5910; x_wconf 93' lang='grc'>44</span> <span class='ocrx_word' id='word_1_993' title='bbox 1778 5873 1845 5912; x_wconf 90' lang='lat' dir='ltr'><strong>com·</strong></span> <span class='ocrx_word' id='word_1_994' title='bbox 1933 5885 1970 5894; x_wconf 92' lang='lat'>—</span> <span class='ocrx_word' id='word_1_995' title='bbox 1988 5855 2093 5922; x_wconf 81' lang='lat' dir='ltr'><strong>Aliquid</strong></span> <span class='ocrx_word' id='word_1_996' title='bbox 2111 5861 2151 5908; x_wconf 88' lang='lat' dir='ltr'>est</span> <span class='ocrx_word' id='word_1_997' title='bbox 2169 5857 2253 5922; x_wconf 89' lang='lat' dir='ltr'><strong>magis</strong></span> <span class='ocrx_word' id='word_1_998' title='bbox 2272 5859 2418 5910; x_wconf 84' lang='grc'>4444444414</span> <span class='ocrx_word' id='word_1_999' title='bbox 2432 5863 2457 5910; x_wconf 89' lang='lat' dir='ltr'>et</span> <span class='ocrx_word' id='word_1_1000' title='bbox 2468 5861 2517 5910; x_wconf 90' lang='grc'>444-</span> 
     </span>
     <span class='ocr_line' id='line_1_61' title="bbox 539 5943 2517 6014; baseline -0.001 -16"><span class='ocrx_word' id='word_1_1001' title='bbox 539 5947 752 6012; x_wconf 87' lang='lat' dir='ltr'><strong>aggregationem</strong></span> <span class='ocrx_word' id='word_1_1002' title='bbox 773 5945 888 5998; x_wconf 85' lang='grc'>136314</span> <span class='ocrx_word' id='word_1_1003' title='bbox 908 5975 942 5986; x_wconf 96' lang='lat'>—</span> <span class='ocrx_word' id='word_1_1004' title='bbox 962 5959 1029 6014; x_wconf 87' lang='lat' dir='ltr'><strong>quae</strong></span> <span class='ocrx_word' id='word_1_1005' title='bbox 1052 5945 1172 5996; x_wconf 89' lang='lat' dir='ltr'><strong>constitu·</strong></span> <span class='ocrx_word' id='word_1_1006' title='bbox 1211 5945 1283 5996; x_wconf 88' lang='lat' dir='ltr'><strong>nruul</strong></span> <span class='ocrx_word' id='word_1_1007' title='bbox 1301 5945 1399 5998; x_wconf 91' lang='lat' dir='ltr'><strong>claudit</strong></span> <span class='ocrx_word' id='word_1_1008' title='bbox 1415 5945 1442 5996; x_wconf 92' lang='grc'>14</span> <span class='ocrx_word' id='word_1_1009' title='bbox 1461 5957 1489 5996; x_wconf 85' lang='grc'>44</span> <span class='ocrx_word' id='word_1_1010' title='bbox 1508 5947 1644 5998; x_wconf 89' lang='lat' dir='ltr'><strong>materiam</strong></span> <span class='ocrx_word' id='word_1_1011' title='bbox 1662 5945 1679 5998; x_wconf 98' lang='lat' dir='ltr'>ll</span> <span class='ocrx_word' id='word_1_1012' title='bbox 1702 5947 1751 6000; x_wconf 91' lang='grc'>103</span> <span class='ocrx_word' id='word_1_1013' title='bbox 1772 5951 1786 5998; x_wconf 89' lang='lat' dir='ltr'>i.</span> <span class='ocrx_word' id='word_1_1014' title='bbox 1807 5947 1823 5998; x_wconf 92' lang='grc'>6</span> <span class='ocrx_word' id='word_1_1015' title='bbox 1884 5957 1945 6008; x_wconf 86' lang='grc'>444,</span> <span class='ocrx_word' id='word_1_1016' title='bbox 1964 5943 2109 5996; x_wconf 88' lang='lat' dir='ltr'><strong>secundum</strong></span> <span class='ocrx_word' id='word_1_1017' title='bbox 2129 5945 2202 6012; x_wconf 88' lang='lat' dir='ltr'><strong>quod</strong></span> <span class='ocrx_word' id='word_1_1018' title='bbox 2226 5945 2298 6008; x_wconf 90' lang='lat' dir='ltr'><strong>plura</strong></span> <span class='ocrx_word' id='word_1_1019' title='bbox 2324 5945 2366 5996; x_wconf 89' lang='lat' dir='ltr'>rel</span> <span class='ocrx_word' id='word_1_1020' title='bbox 2394 5945 2517 6010; x_wconf 89' lang='lat' dir='ltr'><strong>pauciora</strong></span> 
     </span>
     <span class='ocr_line' id='line_1_62' title="bbox 539 6029 2382 6102; baseline -0.001 -16"><span class='ocrx_word' id='word_1_1021' title='bbox 539 6035 632 6086; x_wconf 89' lang='lat' dir='ltr'><strong>lienem</strong></span> <span class='ocrx_word' id='word_1_1022' title='bbox 653 6035 688 6086; x_wconf 92' lang='lat' dir='ltr'>rei</span> <span class='ocrx_word' id='word_1_1023' title='bbox 708 6035 764 6086; x_wconf 81' lang='lat' dir='ltr'><strong>slve</strong></span> <span class='ocrx_word' id='word_1_1024' title='bbox 784 6035 884 6086; x_wconf 86' lang='lat' dir='ltr'><strong>numeri</strong></span> <span class='ocrx_word' id='word_1_1025' title='bbox 904 6035 981 6086; x_wconf 89' lang='grc'>144441</span> <span class='ocrx_word' id='word_1_1026' title='bbox 1004 6035 1038 6086; x_wconf 88' lang='lat' dir='ltr'>ad</span> <span class='ocrx_word' id='word_1_1027' title='bbox 1062 6031 1171 6084; x_wconf 89' lang='lat' dir='ltr'><strong>modum</strong></span> <span class='ocrx_word' id='word_1_1028' title='bbox 1262 6061 1296 6070; x_wconf 91' lang='lat'>-</span> <span class='ocrx_word' id='word_1_1029' title='bbox 1316 6035 1421 6098; x_wconf 89' lang='lat' dir='ltr'><strong>proprie</strong></span> <span class='ocrx_word' id='word_1_1030' title='bbox 1440 6039 1479 6084; x_wconf 92' lang='lat' dir='ltr'>est</span> <span class='ocrx_word' id='word_1_1031' title='bbox 1498 6033 1582 6086; x_wconf 87' lang='lat' dir='ltr'><strong>torma</strong></span> <span class='ocrx_word' id='word_1_1032' title='bbox 1601 6035 1692 6098; x_wconf 91' lang='lat' dir='ltr'><strong>totius,</strong></span> <span class='ocrx_word' id='word_1_1033' title='bbox 1711 6049 1777 6102; x_wconf 83' lang='lat' dir='ltr'><strong>quae</strong></span> <span class='ocrx_word' id='word_1_1034' title='bbox 1800 6035 1846 6088; x_wconf 90' lang='lat' dir='ltr'>dat</span> <span class='ocrx_word' id='word_1_1035' title='bbox 1883 6029 1978 6084; x_wconf 88' lang='lat' dir='ltr'><strong>habent</strong></span> <span class='ocrx_word' id='word_1_1036' title='bbox 2000 6033 2135 6084; x_wconf 89' lang='lat' dir='ltr'><strong>assimilari</strong></span> <span class='ocrx_word' id='word_1_1037' title='bbox 2153 6035 2178 6084; x_wconf 92' lang='lat' dir='ltr'>in</span> <span class='ocrx_word' id='word_1_1038' title='bbox 2199 6033 2240 6084; x_wconf 88' lang='lat' dir='ltr'><strong>illo</strong></span> <span class='ocrx_word' id='word_1_1039' title='bbox 2260 6033 2276 6082; x_wconf 98' lang='lat' dir='ltr'>ll</span> <span class='ocrx_word' id='word_1_1040' title='bbox 2296 6031 2346 6084; x_wconf 88' lang='grc'>442</span> <span class='ocrx_word' id='word_1_1041' title='bbox 2366 6047 2382 6084; x_wconf 88' lang='grc'>4</span> 
     </span>
     <span class='ocr_line' id='line_1_63' title="bbox 539 6119 2516 6190; baseline -0.002 -16"><span class='ocrx_word' id='word_1_1042' title='bbox 539 6125 627 6188; x_wconf 87' lang='lat' dir='ltr'><strong>partis,</strong></span> <span class='ocrx_word' id='word_1_1043' title='bbox 647 6125 747 6174; x_wconf 89' lang='lat' dir='ltr'><strong>termini</strong></span> <span class='ocrx_word' id='word_1_1044' title='bbox 768 6123 808 6176; x_wconf 88' lang='lat' dir='ltr'>vel</span> <span class='ocrx_word' id='word_1_1045' title='bbox 828 6123 1027 6188; x_wconf 84' lang='lat' dir='ltr'><strong>complenranti,</strong></span> <span class='ocrx_word' id='word_1_1046' title='bbox 1045 6125 1084 6172; x_wconf 90' lang='lat' dir='ltr'>est</span> <span class='ocrx_word' id='word_1_1047' title='bbox 1101 6119 1170 6170; x_wconf 89' lang='lat' dir='ltr'><strong>linita</strong></span> <span class='ocrx_word' id='word_1_1048' title='bbox 1209 6131 1267 6172; x_wconf 88' lang='lat' dir='ltr'><strong>esse</strong></span> <span class='ocrx_word' id='word_1_1049' title='bbox 1286 6123 1329 6172; x_wconf 90' lang='lat' dir='ltr'><strong>loti</strong></span> <span class='ocrx_word' id='word_1_1050' title='bbox 1349 6129 1374 6172; x_wconf 94' lang='lat' dir='ltr'>et</span> <span class='ocrx_word' id='word_1_1051' title='bbox 1392 6119 1486 6172; x_wconf 92' lang='lat' dir='ltr'><strong>dicitur</strong></span> <span class='ocrx_word' id='word_1_1052' title='bbox 1505 6123 1614 6173; x_wconf 87' lang='lat' dir='ltr'><strong>essentia</strong></span> <span class='ocrx_word' id='word_1_1053' title='bbox 1631 6121 1758 6174; x_wconf 86' lang='grc'>44411441</span> <span class='ocrx_word' id='word_1_1054' title='bbox 1777 6137 1843 6190; x_wconf 87' lang='grc'>444.</span> <span class='ocrx_word' id='word_1_1055' title='bbox 1934 6147 1969 6158; x_wconf 88' lang='lat'>-</span> <span class='ocrx_word' id='word_1_1056' title='bbox 1988 6125 2028 6172; x_wconf 91' lang='lat' dir='ltr'>est</span> <span class='ocrx_word' id='word_1_1057' title='bbox 2054 6119 2199 6186; x_wconf 84' lang='lat' dir='ltr'><strong>simplicius</strong></span> <span class='ocrx_word' id='word_1_1058' title='bbox 2225 6119 2348 6182; x_wconf 87' lang='lat' dir='ltr'><strong>singulari</strong></span> <span class='ocrx_word' id='word_1_1059' title='bbox 2375 6119 2436 6171; x_wconf 91' lang='grc'>153</span> <span class='ocrx_word' id='word_1_1060' title='bbox 2456 6121 2472 6170; x_wconf 92' lang='lat' dir='ltr'>l.</span> <span class='ocrx_word' id='word_1_1061' title='bbox 2492 6121 2516 6170; x_wconf 94' lang='grc'>3.</span> 
     </span>
     <span class='ocr_line' id='line_1_64' title="bbox 538 6205 2511 6280; baseline -0.003 -18"><span class='ocrx_word' id='word_1_1062' title='bbox 538 6213 561 6262; x_wconf 94' lang='grc'>14</span> <span class='ocrx_word' id='word_1_1063' title='bbox 581 6223 609 6262; x_wconf 91' lang='lat' dir='ltr'>se</span> <span class='ocrx_word' id='word_1_1064' title='bbox 628 6211 651 6262; x_wconf 92' lang='lat' dir='ltr'>V</span> <span class='ocrx_word' id='word_1_1065' title='bbox 671 6207 1170 6276; x_wconf 78' lang='lat' dir='ltr'><strong>83llt*-·aggregablllsiunclaeum</strong></span> <span class='ocrx_word' id='word_1_1066' title='bbox 1262 6233 1296 6248; x_wconf 86' lang='lat'>-·</span> <span class='ocrx_word' id='word_1_1067' title='bbox 1315 6209 1401 6260; x_wconf 91' lang='lat' dir='ltr'><strong>Unum</strong></span> <span class='ocrx_word' id='word_1_1068' title='bbox 1415 6209 1512 6260; x_wconf 87' lang='lat' dir='ltr'><strong>unitata</strong></span> <span class='ocrx_word' id='word_1_1069' title='bbox 1525 6207 1724 6262; x_wconf 85' lang='lat' dir='ltr'><strong>universalitatis</strong></span> <span class='ocrx_word' id='word_1_1070' title='bbox 1736 6211 1777 6262; x_wconf 88' lang='lat' dir='ltr'>vel</span> <span class='ocrx_word' id='word_1_1071' title='bbox 1791 6215 1845 6262; x_wconf 90' lang='lat' dir='ltr'><strong>unl-</strong></span> <span class='ocrx_word' id='word_1_1072' title='bbox 1884 6207 1933 6259; x_wconf 87' lang='grc'>166</span> <span class='ocrx_word' id='word_1_1073' title='bbox 1955 6205 1991 6258; x_wconf 84' lang='grc'>1*.</span> <span class='ocrx_word' id='word_1_1074' title='bbox 2011 6207 2061 6260; x_wconf 88' lang='grc'>358</span> <span class='ocrx_word' id='word_1_1075' title='bbox 2087 6207 2147 6280; x_wconf 79' lang='lat' dir='ltr'>tl.</span> <span class='ocrx_word' id='word_1_1076' title='bbox 2172 6207 2223 6259; x_wconf 93' lang='grc'>610</span> <span class='ocrx_word' id='word_1_1077' title='bbox 2250 6207 2349 6270; x_wconf 82' lang='lat' dir='ltr'><strong>arg.3.</strong></span> <span class='ocrx_word' id='word_1_1078' title='bbox 2370 6205 2480 6260; x_wconf 82' lang='grc'>11751.</span> <span class='ocrx_word' id='word_1_1079' title='bbox 2502 6209 2511 6258; x_wconf 95' lang='lat' dir='ltr'><strong>l</strong></span> 
     </span>
     <span class='ocr_line' id='line_1_65' title="bbox 538 6293 2517 6362; baseline -0.003 -12"><span class='ocrx_word' id='word_1_1080' title='bbox 538 6298 587 6350; x_wconf 91' lang='lat' dir='ltr'><strong>alia</strong></span> <span class='ocrx_word' id='word_1_1081' title='bbox 605 6299 704 6350; x_wconf 88' lang='lat' dir='ltr'><strong>inducit</strong></span> <span class='ocrx_word' id='word_1_1082' title='bbox 723 6299 934 6350; x_wconf 89' lang='lat' dir='ltr'><strong>numerositatem</strong></span> <span class='ocrx_word' id='word_1_1083' title='bbox 959 6299 1085 6350; x_wconf 89' lang='lat' dir='ltr'><strong>maiorem</strong></span> <span class='ocrx_word' id='word_1_1084' title='bbox 1110 6293 1171 6346; x_wconf 81' lang='lat' dir='ltr'><strong>idid.</strong></span> <span class='ocrx_word' id='word_1_1085' title='bbox 1209 6293 1845 6360; x_wconf 84' lang='grc'>444444444444441414444444444441110014</span> <span class='ocrx_word' id='word_1_1086' title='bbox 1888 6293 1949 6362; x_wconf 81' lang='lat' dir='ltr'><strong>Vide</strong></span> <span class='ocrx_word' id='word_1_1087' title='bbox 1973 6293 2003 6346; x_wconf 88' lang='lat' dir='ltr'>V.</span> <span class='ocrx_word' id='word_1_1088' title='bbox 2028 6293 2183 6348; x_wconf 74' lang='lat' dir='ltr'><strong>Commune.</strong></span> <span class='ocrx_word' id='word_1_1089' title='bbox 2207 6319 2241 6334; x_wconf 85' lang='lat'>-</span> <span class='ocrx_word' id='word_1_1090' title='bbox 2266 6293 2346 6358; x_wconf 87' lang='lat' dir='ltr'><strong>lingis</strong></span> <span class='ocrx_word' id='word_1_1091' title='bbox 2372 6295 2517 6348; x_wconf 88' lang='lat' dir='ltr'><strong>universale</strong></span> 
     </span>
     <span class='ocr_line' id='line_1_66' title="bbox 538 6381 2516 6452; baseline -0.004 -12"><span class='ocrx_word' id='word_1_1092' title='bbox 538 6413 570 6422; x_wconf 94' lang='lat'>-</span> <span class='ocrx_word' id='word_1_1093' title='bbox 590 6393 627 6440; x_wconf 87' lang='lat' dir='ltr'>est</span> <span class='ocrx_word' id='word_1_1094' title='bbox 647 6387 757 6438; x_wconf 83' lang='lat' dir='ltr'><strong>maxime</strong></span> <span class='ocrx_word' id='word_1_1095' title='bbox 777 6387 845 6438; x_wconf 86' lang='lat' dir='ltr'><strong>linita</strong></span> <span class='ocrx_word' id='word_1_1096' title='bbox 864 6389 889 6438; x_wconf 91' lang='grc'>44</span> <span class='ocrx_word' id='word_1_1097' title='bbox 909 6399 950 6452; x_wconf 87' lang='grc'>44,</span> <span class='ocrx_word' id='word_1_1098' title='bbox 969 6399 1029 6438; x_wconf 89' lang='lat' dir='ltr'><strong>euru</strong></span> <span class='ocrx_word' id='word_1_1099' title='bbox 1049 6385 1082 6436; x_wconf 89' lang='lat' dir='ltr'>sit</span> <span class='ocrx_word' id='word_1_1100' title='bbox 1101 6383 1172 6446; x_wconf 91' lang='lat' dir='ltr'><strong>prin·</strong></span> <span class='ocrx_word' id='word_1_1101' title='bbox 1262 6382 1777 6450; x_wconf 73' lang='grc'>-41444444414444414444144444</span> <span class='ocrx_word' id='word_1_1102' title='bbox 1802 6387 1844 6438; x_wconf 87' lang='lat' dir='ltr'>vel</span> <span class='ocrx_word' id='word_1_1103' title='bbox 1883 6385 1967 6448; x_wconf 87' lang='lat' dir='ltr'><strong>magis</strong></span> <span class='ocrx_word' id='word_1_1104' title='bbox 1990 6383 2090 6436; x_wconf 86' lang='lat' dir='ltr'><strong>aceedit</strong></span> <span class='ocrx_word' id='word_1_1105' title='bbox 2112 6383 2147 6434; x_wconf 91' lang='lat' dir='ltr'>ad</span> <span class='ocrx_word' id='word_1_1106' title='bbox 2170 6381 2360 6446; x_wconf 88' lang='lat' dir='ltr'><strong>simplieitatem</strong></span> <span class='ocrx_word' id='word_1_1107' title='bbox 2388 6381 2516 6436; x_wconf 84' lang='grc'>114124</span> 
     </span>
     <span class='ocr_line' id='line_1_67' title="bbox 536 6467 2516 6538; baseline -0.003 -12"><span class='ocrx_word' id='word_1_1108' title='bbox 536 6475 633 6538; x_wconf 84' lang='lat' dir='ltr'><strong>ciprum</strong></span> <span class='ocrx_word' id='word_1_1109' title='bbox 654 6475 731 6526; x_wconf 88' lang='lat' dir='ltr'><strong>totius</strong></span> <span class='ocrx_word' id='word_1_1110' title='bbox 749 6475 949 6528; x_wconf 87' lang='lat' dir='ltr'><strong>mensurationis</strong></span> <span class='ocrx_word' id='word_1_1111' title='bbox 968 6471 1172 6526; x_wconf 87' lang='lat' dir='ltr'><strong>secundumnu-</strong></span> <span class='ocrx_word' id='word_1_1112' title='bbox 1209 6471 1324 6534; x_wconf 88' lang='lat' dir='ltr'><strong>origiue,</strong></span> <span class='ocrx_word' id='word_1_1113' title='bbox 1343 6483 1395 6520; x_wconf 92' lang='lat' dir='ltr'>non</span> <span class='ocrx_word' id='word_1_1114' title='bbox 1422 6467 1547 6534; x_wconf 85' lang='lat' dir='ltr'><strong>dignitate</strong></span> <span class='ocrx_word' id='word_1_1115' title='bbox 1574 6471 1671 6524; x_wconf 88' lang='grc'>111826</span> <span class='ocrx_word' id='word_1_1116' title='bbox 1694 6473 1844 6526; x_wconf 85' lang='grc'>2*-444</span> <span class='ocrx_word' id='word_1_1117' title='bbox 1885 6497 1916 6510; x_wconf 93' lang='grc'>-</span> <span class='ocrx_word' id='word_1_1118' title='bbox 1935 6471 2112 6524; x_wconf 89' lang='lat' dir='ltr'><strong>Universalius</strong></span> <span class='ocrx_word' id='word_1_1119' title='bbox 2133 6473 2171 6522; x_wconf 89' lang='lat' dir='ltr'>est</span> <span class='ocrx_word' id='word_1_1120' title='bbox 2193 6469 2335 6536; x_wconf 88' lang='lat' dir='ltr'><strong>simplicius</strong></span> <span class='ocrx_word' id='word_1_1121' title='bbox 2357 6473 2445 6522; x_wconf 88' lang='lat' dir='ltr'><strong>minus</strong></span> <span class='ocrx_word' id='word_1_1122' title='bbox 2462 6473 2516 6522; x_wconf 92' lang='lat' dir='ltr'><strong>uni·</strong></span> 
     </span>
     <span class='ocr_line' id='line_1_68' title="bbox 537 6555 2499 6626; baseline -0.001 -14"><span class='ocrx_word' id='word_1_1123' title='bbox 537 6575 637 6614; x_wconf 85' lang='lat' dir='ltr'><strong>merum</strong></span> <span class='ocrx_word' id='word_1_1124' title='bbox 658 6561 680 6612; x_wconf 89' lang='lat' dir='ltr'>V</span> <span class='ocrx_word' id='word_1_1125' title='bbox 700 6563 734 6614; x_wconf 87' lang='grc'>80</span> <span class='ocrx_word' id='word_1_1126' title='bbox 753 6575 809 6626; x_wconf 83' lang='lat' dir='ltr'><strong>erg.</strong></span> <span class='ocrx_word' id='word_1_1127' title='bbox 832 6563 862 6614; x_wconf 92' lang='grc'>10</span> <span class='ocrx_word' id='word_1_1128' title='bbox 1209 6565 1247 6608; x_wconf 89' lang='lat' dir='ltr'>est</span> <span class='ocrx_word' id='word_1_1129' title='bbox 1266 6557 1339 6622; x_wconf 89' lang='lat' dir='ltr'><strong>prlus</strong></span> <span class='ocrx_word' id='word_1_1130' title='bbox 1356 6557 1502 6609; x_wconf 88' lang='lat' dir='ltr'><strong>secundum</strong></span> <span class='ocrx_word' id='word_1_1131' title='bbox 1521 6557 1592 6608; x_wconf 89' lang='lat' dir='ltr'><strong>viam</strong></span> <span class='ocrx_word' id='word_1_1132' title='bbox 1610 6563 1784 6624; x_wconf 87' lang='lat' dir='ltr'><strong>generationis</strong></span> <span class='ocrx_word' id='word_1_1133' title='bbox 1797 6563 1844 6614; x_wconf 90' lang='lat' dir='ltr'><strong>nisi</strong></span> <span class='ocrx_word' id='word_1_1134' title='bbox 1883 6557 1976 6612; x_wconf 84' lang='lat' dir='ltr'><strong>versati</strong></span> <span class='ocrx_word' id='word_1_1135' title='bbox 1996 6557 2141 6610; x_wconf 86' lang='lat' dir='ltr'><strong>secundnm</strong></span> <span class='ocrx_word' id='word_1_1136' title='bbox 2158 6571 2216 6610; x_wconf 87' lang='lat' dir='ltr'><strong>esse</strong></span> <span class='ocrx_word' id='word_1_1137' title='bbox 2234 6557 2397 6610; x_wconf 90' lang='lat' dir='ltr'><strong>dellultlvum</strong></span> <span class='ocrx_word' id='word_1_1138' title='bbox 2416 6555 2451 6612; x_wconf 87' lang='lat' dir='ltr'>id.</span> <span class='ocrx_word' id='word_1_1139' title='bbox 2470 6557 2499 6608; x_wconf 88' lang='grc'>2*</span> 
     </span>
     <span class='ocr_line' id='line_1_69' title="bbox 589 6643 2517 6712; baseline -0.001 -12"><span class='ocrx_word' id='word_1_1140' title='bbox 589 6677 622 6688; x_wconf 88' lang='grc'>-</span> <span class='ocrx_word' id='word_1_1141' title='bbox 643 6663 693 6700; x_wconf 88' lang='grc'>444</span> <span class='ocrx_word' id='word_1_1142' title='bbox 713 6651 771 6702; x_wconf 89' lang='lat' dir='ltr'><strong>lacit</strong></span> <span class='ocrx_word' id='word_1_1143' title='bbox 791 6663 928 6702; x_wconf 88' lang='lat' dir='ltr'><strong>numerum</strong></span> <span class='ocrx_word' id='word_1_1144' title='bbox 955 6649 999 6700; x_wconf 88' lang='lat' dir='ltr'><strong>nisi</strong></span> <span class='ocrx_word' id='word_1_1145' title='bbox 1028 6659 1075 6712; x_wconf 88' lang='lat' dir='ltr'>per</span> <span class='ocrx_word' id='word_1_1146' title='bbox 1094 6647 1172 6698; x_wconf 87' lang='lat' dir='ltr'><strong>duali·</strong></span> <span class='ocrx_word' id='word_1_1147' title='bbox 1210 6645 1293 6696; x_wconf 90' lang='lat' dir='ltr'><strong>solum</strong></span> <span class='ocrx_word' id='word_1_1148' title='bbox 1313 6659 1361 6710; x_wconf 87' lang='lat' dir='ltr'>per</span> <span class='ocrx_word' id='word_1_1149' title='bbox 1380 6645 1500 6698; x_wconf 87' lang='lat' dir='ltr'><strong>accidens</strong></span> <span class='ocrx_word' id='word_1_1150' title='bbox 1520 6645 1537 6698; x_wconf 97' lang='lat' dir='ltr'>ll</span> <span class='ocrx_word' id='word_1_1151' title='bbox 1558 6643 1608 6698; x_wconf 87' lang='grc'>442</span> <span class='ocrx_word' id='word_1_1152' title='bbox 1629 6647 1659 6698; x_wconf 89' lang='grc'>9*</span> <span class='ocrx_word' id='word_1_1153' title='bbox 1934 6673 1970 6686; x_wconf 87' lang='grc'>-</span> <span class='ocrx_word' id='word_1_1154' title='bbox 1988 6653 2027 6698; x_wconf 92' lang='grc'>441</span> <span class='ocrx_word' id='word_1_1155' title='bbox 2045 6647 2070 6698; x_wconf 91' lang='grc'>14</span> <span class='ocrx_word' id='word_1_1156' title='bbox 2090 6646 2157 6710; x_wconf 87' lang='grc'>4144,</span> <span class='ocrx_word' id='word_1_1157' title='bbox 2177 6647 2212 6698; x_wconf 89' lang='lat' dir='ltr'>ita</span> <span class='ocrx_word' id='word_1_1158' title='bbox 2230 6645 2302 6712; x_wconf 83' lang='lat' dir='ltr'><strong>quod</strong></span> <span class='ocrx_word' id='word_1_1159' title='bbox 2321 6647 2472 6710; x_wconf 88' lang='lat' dir='ltr'><strong>simplicius,</strong></span> <span class='ocrx_word' id='word_1_1160' title='bbox 2492 6653 2517 6698; x_wconf 91' lang='lat' dir='ltr'>et</span> 
     </span>
     <span class='ocr_line' id='line_1_70' title="bbox 536 6731 2516 6800; baseline -0.002 -10"><span class='ocrx_word' id='word_1_1161' title='bbox 536 6739 613 6790; x_wconf 85' lang='lat' dir='ltr'><strong>larem</strong></span> <span class='ocrx_word' id='word_1_1162' title='bbox 632 6739 651 6788; x_wconf 98' lang='lat' dir='ltr'>ll</span> <span class='ocrx_word' id='word_1_1163' title='bbox 671 6737 704 6788; x_wconf 92' lang='grc'>98</span> <span class='ocrx_word' id='word_1_1164' title='bbox 723 6733 1170 6800; x_wconf 77' lang='lat' dir='ltr'><strong>argi-additanumerotllum</strong></span> <span class='ocrx_word' id='word_1_1165' title='bbox 1261 6739 1360 6784; x_wconf 90' lang='lat' dir='ltr'><strong>-aul</strong></span> <span class='ocrx_word' id='word_1_1166' title='bbox 1380 6731 1515 6800; x_wconf 78' lang='lat' dir='ltr'><strong>nimiast,</strong></span> <span class='ocrx_word' id='word_1_1167' title='bbox 1542 6741 1587 6786; x_wconf 87' lang='grc'>444</span> <span class='ocrx_word' id='word_1_1168' title='bbox 1614 6739 1742 6800; x_wconf 90' lang='lat' dir='ltr'><strong>posterius</strong></span> <span class='ocrx_word' id='word_1_1169' title='bbox 1771 6741 1809 6788; x_wconf 90' lang='lat' dir='ltr'>est</span> <span class='ocrx_word' id='word_1_1170' title='bbox 1829 6737 1845 6788; x_wconf 96' lang='lat' dir='ltr'>ll</span> <span class='ocrx_word' id='word_1_1171' title='bbox 1883 6735 1909 6788; x_wconf 92' lang='grc'>114</span> <span class='ocrx_word' id='word_1_1172' title='bbox 1928 6737 1954 6788; x_wconf 88' lang='grc'>14</span> <span class='ocrx_word' id='word_1_1173' title='bbox 1973 6737 2060 6788; x_wconf 91' lang='lat' dir='ltr'><strong>minus</strong></span> <span class='ocrx_word' id='word_1_1174' title='bbox 2078 6749 2126 6800; x_wconf 89' lang='lat' dir='ltr'>per</span> <span class='ocrx_word' id='word_1_1175' title='bbox 2143 6731 2301 6788; x_wconf 90' lang='lat' dir='ltr'><strong>additionem</strong></span> <span class='ocrx_word' id='word_1_1176' title='bbox 2321 6733 2353 6786; x_wconf 93' lang='lat' dir='ltr'>ad</span> <span class='ocrx_word' id='word_1_1177' title='bbox 2367 6733 2516 6788; x_wconf 77' lang='lat' dir='ltr'><strong>illudisne</strong></span> 
     </span>
     <span class='ocr_line' id='line_1_71' title="bbox 537 6817 2514 6890; baseline -0.005 -12"><span class='ocrx_word' id='word_1_1178' title='bbox 537 6839 591 6878; x_wconf 85' lang='grc'>11011</span> <span class='ocrx_word' id='word_1_1179' title='bbox 609 6827 722 6890; x_wconf 79' lang='lat' dir='ltr'><strong>perimit,</strong></span> <span class='ocrx_word' id='word_1_1180' title='bbox 740 6817 1171 6890; x_wconf 68' lang='grc'>394831431314049441119549*</span> <span class='ocrx_word' id='word_1_1181' title='bbox 1211 6819 1261 6870; x_wconf 80' lang='grc'>439</span> <span class='ocrx_word' id='word_1_1182' title='bbox 1281 6821 1298 6872; x_wconf 81' lang='lat' dir='ltr'>l.</span> <span class='ocrx_word' id='word_1_1183' title='bbox 1320 6821 1329 6872; x_wconf 95' lang='lat' dir='ltr'><strong>l</strong></span> <span class='ocrx_word' id='word_1_1184' title='bbox 1885 6821 1912 6878; x_wconf 87' lang='grc'>3*</span> <span class='ocrx_word' id='word_1_1185' title='bbox 1933 6851 1965 6860; x_wconf 93' lang='lat'>-</span> <span class='ocrx_word' id='word_1_1186' title='bbox 1983 6827 2022 6876; x_wconf 82' lang='lat' dir='ltr'>est</span> <span class='ocrx_word' id='word_1_1187' title='bbox 2040 6823 2150 6888; x_wconf 82' lang='lat' dir='ltr'><strong>simplex</strong></span> <span class='ocrx_word' id='word_1_1188' title='bbox 2168 6821 2292 6886; x_wconf 82' lang='lat' dir='ltr'><strong>possibile</strong></span> <span class='ocrx_word' id='word_1_1189' title='bbox 2310 6821 2342 6874; x_wconf 80' lang='lat' dir='ltr'>ad</span> <span class='ocrx_word' id='word_1_1190' title='bbox 2356 6821 2514 6878; x_wconf 78' lang='lat' dir='ltr'><strong>additionem</strong></span> 
     </span>
    </p>
   </div>
   <div class='ocr_carea' id='block_1_7' title="bbox 0 0 2896 8384">
    <p class='ocr_par' dir='ltr' id='par_1_8' title="bbox 0 0 2896 8384">
     <span class='ocr_line' id='line_1_72' title="bbox 0 0 2896 8384; baseline 0 5"><span class='ocrx_word' id='word_1_1191' title='bbox 0 0 2896 8384; x_wconf 95' lang='lat' dir='ltr'> </span> 
     </span>
    </p>
   </div>
  </div>
 </body>
</html>
