5792 8392
644 689 702 740 VlT
1325 681 1360 752 (l)
1970 681 2036 732 4404.
2057 681 2093 750 (9)

402 779 559 832 4444444444
579 803 612 816 -
629 773 692 828 Vide
710 769 940 838 V.Mulnnl(i90
955 773 987 838 c).
1027 771 1070 826 uel
1089 769 1160 838 quod
1179 771 1368 822 concomitatur
1388 769 1509 822 voluntas
1526 769 1545 822 tt
1565 769 1615 820 847
1640 765 1666 822 9*
1706 769 1846 834 respondet
1867 771 1983 832 naturae,
2006 781 2052 832 per
2072 781 2236 834 consequens
2259 781 2345 832 perso·

403 895 436 908 -
456 867 630 918 catlitinsola
647 859 988 930 potentiaralioualillzitii
1028 885 1062 898 --
1084 857 1230 912 secundum
1251 857 1314 924 quid
1334 859 1392 910 slve
1409 859 1602 922 interpretativa
1634 857 1666 910 di·
1706 871 1755 910 nac
1772 857 1802 910 lll
1822 855 1874 908 355
1892 853 1921 908 9*
1940 883 1974 896 -
1994 855 2082 922 plures
2100 861 2160 910 sunl
2181 859 2205 908 in
2224 855 2346 922 pluribus

350 955 376 1008 6*
401 955 463 1008 Vide
485 955 516 1006 V.
534 955 618 1018 44444,
647 951 674 1004 V.
695 949 820 1004 1444444444
845 945 989 1002 arbitrium
1029 949 1096 1000 citur
1114 945 1187 1014 quod
1208 947 1289 998 oritur
1316 947 1450 1000 uoluntate
1478 947 1667 998 concomitante
1706 945 1818 1012 naturis,
1835 943 1884 996 scd
1901 949 2013 1008 possunt
2030 957 2088 998 esse
2107 945 2133 996 in
2152 959 2205 998 una
2234 957 2345 1010 persona

350 1041 401 1110 td,
426 1041 455 1094 V.
475 1041 584 1096 4444444444
601 1047 627 1092 44
651 1039 678 1092 V.
698 1035 908 1094 ll⁷euestitus.‘-
920 1037 988 1090 Deus
1028 1043 1050 1088 et
1073 1049 1125 1088 non
1147 1035 1299 1098 prohibente
1319 1035 1359 1086 uel
1382 1041 1553 1100 praecavente
1573 1037 1590 1088 ll
1614 1035 1666 1086 949
1706 1029 1776 1100 ibid,
1799 1031 1829 1086 t*

350 1135 374 1184 in
395 1131 465 1184 nullo
484 1143 564 1194 opere
595 1131 678 1194 potest
707 1129 850 1192 vituperari
877 1125 945 1178 iuste
972 1125 989 1176 ll
1020 1109 1041 1176 ,a
1062 1151 1097 1162 -·
1115 1127 1186 1176 esta
1208 1123 1339 1176 voluntate
1357 1125 1512 1188 imperante,
1530 1125 1573 1174 vel
1597 1135 1665 1176 acce·
1742 1123 1813 1174 9-
1831 1123 1857 1172 44
1878 1121 1932 1172 Deo
1957 1125 1996 1174 est
2015 1121 2137 1188 ponenda
2159 1129 2268 1188 propter
2287 1135 2345 1176 con·

350 1221 401 1272 443
419 1219 435 1272 h
1028 1215 1124 1278 plante,
1143 1211 1184 1264 uel
1206 1211 1329 1265 tolerante
1347 1211 1380 1264 444
1400 1211 1452 1262 599
1470 1227 1483 1264 4
1708 1209 1827 1278 ditiones,
1847 1223 1916 1276 quae
1937 1215 1997 1262 sunt
2015 1211 2259 1264 circavoluutatem
2272 1213 2280 1264 l
2293 1209 2345 1266 799

404 1309 558 1360 4444444444
578 1334 613 1344 -
631 1305 706 1356 Prior
719 1307 792 1356 actus
803 1311 843 1356 est
855 1301 990 1356 vivificare
1081 1329 1117 1340 —
1136 1299 1230 1352 dicitnr
1256 1299 1354 1366 aliquid
1385 1299 1517 1352 uoluntate
1541 1301 1665 1366 propria,
1707 1311 1775 1350 u—
1793 1311 1857 1350 vere
1877 1299 2027 1362 intelligitur
2045 1313 2102 1350 esse
2123 1299 2147 1350 44
2159 1299 2214 1352 4444
2234 1299 2307 1352 4804
2320 1299 2345 1354 h.

350 1409 429 1464 quam
454 1397 546 1448 rivere
564 1393 669 1446 444398
689 1391 773 1446 3*-·
799 1391 899 1454 04444,
917 1389 989 1458 quod
1028 1389 1069 1440 vel
1090 1389 1180 1452 aliena,
1201 1389 1242 1440 rel
1263 1397 1373 1456 tttraque
1393 1389 1469 1440 simul
1487 1389 1508 1440 ll
1528 1387 1578 1440 948
1596 1387 1614 1440 b
1634 1417 1670 1430 .-
1708 1383 1808 1438 8954*
1828 1415 1860 1426 »-
1880 1401 1944 1438 vere
1966 1393 2007 1440 est
2028 1389 2055 1438 in
2075 1389 2183 1456 Deo,et
2205 1389 2345 1442 similitudo

348 1485 503 1548 4444444444,
524 1491 561 1536 444
582 1485 669 1548 aliquo
688 1479 768 1534 modo
786 1481 818 1534 444
839 1479 891 1532 338
905 1481 987 1544 argi
1029 1483 1101 1530 4444
1129 1477 1264 1530 voluntate
1288 1479 1404 1544 propria,
1427 1485 1473 1530 aut
1495 1491 1511 1530 a
1535 1479 1668 1530 uoluntate
1707 1475 1764 1528 eius
1787 1477 1815 1528 in
1834 1479 1953 1528 creatura
1971 1477 1979 1528 4
2000 1475 2051 1526 396
2080 1491 2094 1528 4
2124 1505 2156 1516 -··
2186 1481 2223 1530 444
2252 1491 2346 1530 nomen

404 1601 435 1610 -
456 1573 529 1638 Quae
547 1571 677 1636 recipiunt
695 1569 989 1622 vitamnaturalitervi·
1028 1563 1099 1616 lidae
1117 1565 1137 1618 ll
1157 1563 1209 1618 947
1227 1567 1278 1616 tl
1707 1563 1859 1616 translatum
1889 1563 2035 1616 secundum
2062 1567 2258 1630 impositionem
2284 1565 2346 1622 ibid.

350 1661 501 1722 rideantur,
522 1665 663 1732 postquam
694 1671 745 1710 non
777 1659 911 1720 vixerunt,
937 1669 987 1708 non
1081 1659 1155 1704 -et
1166 1653 1370 1704 involuntarium
1386 1659 1446 1712 sunt
1457 1655 1574 1718 opposita
1586 1657 1602 1706 il
1616 1655 1666 1706 953
1707 1679 1740 1692 -··
1761 1653 1785 1704 in
1805 1653 1857 1704 1444
1878 1655 1915 1704 est
1929 1655 2015 1716 magis
2026 1657 2135 1720 proprie
2146 1659 2172 1706 et
2185 1657 2345 1722 completiori

350 1759 489 1816 postquam
508 1751 629 1800 uiuerent
649 1753 673 1800 et
691 1751 795 1798 mortua
813 1751 874 1798 sunt
892 1745 924 1798 444
937 1745 988 1798 355
1029 1745 1044 1794 4.
1064 1743 1081 1794 3
1100 1769 1135 1784 -
1154 1749 1177 1794 44
1196 1743 1401 1796 44444444444444
1417 1755 1469 1794 444
1488 1749 1548 1794 4444
1571 1745 1669 1796 incom-
1708 1741 1786 1794 modo
1806 1755 1887 1808 quom
1905 1743 1932 1792 in
1952 1739 2028 1794 nobis
2046 1743 2054 1794 l
2074 1743 2125 1794 799
2145 1757 2157 1794 4

350 1835 376 1890 3*
395 1863 430 1878 -·
449 1839 522 1902 Quae
542 1835 687 1902 procedunt
707 1851 721 1888 a
740 1835 793 1886 vita
812 1841 989 1898 nonpossunt
1028 1831 1160 1896 possibilia
1179 1833 1247 1884 circu
1269 1833 1377 1884 candem
1399 1833 1526 1884 actionem
1545 1833 1563 1884 ll
1584 1833 1666 1884 8964
1760 1857 1794 1868 -
1820 1831 1935 1896 perlecta
1961 1833 2073 1896 pertinet
2097 1833 2133 1884 ad
2159 1833 2345 1886 sublimitatem

348 1905 551 1990 vivificantnisl
570 1927 645 1988 prius
663 1923 774 1976 vixerint
791 1921 852 1976 illd.
1081 1945 1115 1960 -
1136 1919 1208 1986 quod
1228 1919 1323 1972 (4444444
1337 1935 1349 1970 4
1362 1921 1496 1972 voluntate
1510 1921 1668 1974 deliberante
1707 1931 1764 1970 esse
1781 1917 1862 1970 diuini
1884 1921 1891 1970 l
1910 1919 1926 1968 3
1948 1917 1964 1970 b
1982 1945 2019 1956 -
2036 1921 2063 1970 44
2082 1919 2190 1974 4444444
2207 1923 2346 1986 perorant·

404 2041 436 2052 -
464 2013 555 2078 Omne,
586 2013 659 2080 quod
685 2013 782 2064 dicitur
800 2019 933 2064 rnortuum
960 2025 988 2064 er
1028 2015 1052 2060 ei
1082 2007 1239 2072 consiliante,
1265 2013 1304 2080 est
1322 2009 1475 2072 contingens
1493 2019 1519 2062 et
1542 2007 1668 2062 (4444444444
1689 2077 1690 2080 ¹
1708 2007 1813 2058 ntodam
1832 2007 2031 2060 indifferentiam
2051 2007 2345 2078 substantiaeuirtutis,

349 2103 405 2156 solo
425 2103 526 2154 delectu
547 2103 664 2166 alicuine,
683 2101 727 2154 illo
739 2101 940 2166 superveniente
956 2103 990 2152 ri·
1028 2103 1115 2150 444444
1137 2097 1314 2148 necesarium
1336 2097 1353 2148 ll
1373 2097 1424 2148 643
1446 2097 1522 2148 4*-
1534 2104 1620 2162 potest
1633 2101 1668 2152 sio
1707 2099 1779 2148 actus
1796 2101 1824 2148 et
1841 2097 1899 2148 linis
1917 2097 1926 2148 l
1947 2095 1998 2148 799
2019 2111 2031 2148 4
2258 2099 2259 2102 ’

347 2191 467 2244 (44444444
486 2191 513 2244 444
535 2191 584 2242 497
605 2189 711 2240 ta-
731 2187 804 2254 Quod
818 2189 890 2240 nullo
910 2189 988 2240 modo
1030 2193 1054 2238 44
1073 2187 1148 2238 aliter
1166 2199 1194 2236 se
1222 2185 1330 2252 trabere,
1357 2199 1417 2238 curn
1443 2187 1563 2238 noluntas
1591 2187 1668 2240 babet
1759 2185 2346 2250 -444444444444(44444444444944769449.

348 2277 990 2344 444444444444444444444444444444444444444
1030 2287 1119 2326 secum
1140 2287 1268 2326 annexam
1288 2271 1479 2326 vertibilitatem
1505 2275 1533 2328 lll
1561 2277 1611 2328 359
1642 2275 1668 2328 6*
1707 2271 1759 2324 797
1771 2273 1974 2326 4844444914
1988 2275 2244 2328 6994-44444444
2258 2279 2281 2328 44
2294 2277 2346 2330 4444

336 2369 491 2436 ‘potentiam
509 2367 645 2420 advitam
664 2367 696 2418 lV
719 2365 769 2418 355
789 2367 837 2418 tt
1028 2389 1062 2400 —
1085 2361 1160 2430 Quod
1178 2365 1238 2430 quis
1259 2363 1406 2416 voluntarie
1424 2365 1484 2416 tacit
1509 2369 1594 2430 potest
1616 2379 1668 2418 non
1709 2361 1827 2414 absolute
1845 2361 2007 2416 considerata
2026 2373 2087 2418 sunt
2111 2365 2181 2416 444444
2210 2367 2217 2418 4
2249 2365 2298 2418 936
2320 2363 2368 2418 9*

402 2485 436 2496 -
455 2457 597 2510 Virilicare
616 2463 749 2508 mortuum
770 2457 947 2520 maiorgraliu
967 2461 990 2508 et
1030 2451 1143 2504 tacerel
1163 2451 1335 2516 alberga.
1357 2451 1373 2502 ll
1405 2451 1456 2504 684
1484 2469 1540 2520 arg.
1571 2457 1580 2506 l
1607 2455 1669 2508 Vide
1709 2479 1740 2490 ·—
1762 2453 1806 2502 Dei
1827 2457 1863 2502 ost
1883 2453 1939 2514 ipse
1960 2451 2115 2504 4444444644
2135 2455 2160 2504 d.
2182 2453 2348 2508 i.8liStl.3.

350 2547 460 2612 potentio
476 2551 513 2598 est
524 2559 708 2612 quatnsanare
719 2547 769 2596 iam
782 2545 941 2598 vivificatum
958 2545 990 2596 444
1033 2541 1061 2594 V.
1081 2539 1239 2596 Necessitas.
1708 2541 1725 2590 ll
1745 2541 1779 2592 94
1797 2539 1826 2592 b.
1851 2541 1938 2592 8976
1968 2567 2002 2578 -
2030 2541 2109 2594 Actus
2135 2543 2274 2596 rolttntatis
2303 2543 2346 2596 [lei

351 2633 394 2686 474
414 2635 429 2686 b
446 2633 508 2688 Vide
530 2635 555 2686 V.
568 2633 711 2688 Mortuum
725 2639 747 2684 et
774 2633 800 2684 V.
812 2631 989 2706 Respa-rectio.
1083 2637 1175 2682 -est
1194 2631 1271 2682 cuius
1290 2631 1446 2694 principium
1466 2635 1670 2698 csliulpsucu·
1709 2635 1745 2682 954
1765 2631 1821 2694 4989
1840 2631 1847 2682 l
1868 2631 1918 2682 8¹2
1940 2629 1965 2680 d·
1985 2631 2001 2680 3
2021 2659 2055 2666 -
2075 2631 2147 2682 Velle
2166 2631 2210 2682 Dei
2228 2631 2347 2686 0898684

401 2751 435 2760 -
454 2737 565 2788 operum
594 2737 643 2774 non
671 2719 858 2790 respicit'esse
883 2739 990 2786 444444,
1031 2727 1171 2784 gnoscente
1190 2721 1359 2784 singularia‘t
1381 2721 1431 2772 995
1451 2723 1467 2774 t.
1487 2723 1513 2772 9.
1534 2723 1549 2774 ll
1580 2721 1630 2776 595
1654 2725 1668 2778 i.
1710 2719 1725 2770 ll
1746 2721 1780 2770 90
1799 2733 1855 2782 arg.
1876 2717 1902 2770 5.
1920 2717 1971 2768 863
1993 2717 2022 2768 9*

349 2811 392 2866 sed
414 2811 561 2866 ordinatum
581 2827 638 2866 esse
659 2813 697 2864 nel
721 2813 768 2864 tale
797 2827 855 2866 4444
878 2813 915 2866 444
939 2813 990 2864 339
1031 2811 1055 2862 8.
1075 2811 1107 2862 444
1127 2807 1173 2860 594
1198 2823 1254 2874 mg.
1277 2811 1300 2862 l.
1319 2809 1371 2862 797
1392 2811 1443 2862 49
1464 2839 1497 2850 -
1519 2811 1624 2864 includit
1645 2815 1668 2866 in
1760 2835 1794 2848 -
1815 2809 1887 2858 444444
1906 2809 1929 2858 in
1946 2807 1998 2860 ileo
2019 2807 2111 2860 dicitnr
2131 2809 2274 2862 socnndnm
2288 2811 2348 2862 snb·

352 2901 525 2966 ai-opns
545 2901 639 2954 dicitur
659 2903 750 2954 vivum
771 2901 991 2966 propterordina-
1031 2899 1254 2962 secognitioncm
1276 2899 1560 2952 transnatasset
1584 2903 1671 2954 -rtt-
1709 2901 1826 2948 stantiam
1847 2899 1853 2948 l
1874 2897 1920 2948 844
1946 2897 2001 2948 (4.4
2035 2925 2072 2936 -
2097 2897 2159 2950 dicit
2182 2899 2289 2964 quidet
2309 2903 2347 2952 est

349 2993 444 3044 4444444
465 2991 498 3042 ad
517 2993 754 3042 remunerationem
776 2991 807 3042 tv
827 2991 879 3042 346
902 2987 929 3042 t*
957 3019 991 3028 --
1032 2987 1065 3038 nil
1086 2991 1174 3038 movet
1192 2985 1353 3052 uoluntaria,
1372 2989 1420 3040 nisi
1441 2987 1535 3042 lrabeat
1547 2991 1670 3054 cognitio·
1709 2987 1812 3038 triuml
1835 2987 1885 3040 435
1904 3001 1961 3050 arg.
1980 2985 1995 3036 4
2016 3015 2050 3024 -
2075 2987 2217 3040 Voluntatis
2235 2989 2348 3052 comple·

349 3081 434 3132 Homo
452 3077 548 3130 dicitur·
570 3081 649 3130 virus
669 3085 777 3144 propter
800 3081 991 3142 susceptionem
1031 3089 1091 3126 uem
1110 3081 1134 3126 ot
1155 3075 1312 3128 uoluntatem
1334 3077 1422 3130 44645
1442 3081 1584 3142 arg.3-
1604 3081 1668 3132 4444444
1709 3077 1789 3126 centio
1809 3075 1959 3126 communis
1976 3081 2017 3126 cst
2034 3075 2116 3128 tribus
2138 3079 2143 3128 l
2164 3077 2211 3128 994
2236 3075 2272 3130 ld.
2295 3077 2346 3130 558

351 3169 447 3234 gratiae
467 3165 528 3222 ibid.
1031 3165 1176 3216 voluntarie
1205 3173 1337 3232 operatur,
1363 3167 1411 3216 nisi
1439 3167 1511 3232 quod
1537 3171 1670 3234 cognoscit
1708 3179 1776 3214 a-
1794 3177 1847 3216 una
1865 3171 1905 3216 444
1928 3165 1954 3214 44
1979 3165 2063 3216 tribus
2091 3169 2213 3228 personis
2240 3175 2348 3230 propter

401 3285 436 3294 -
454 3255 564 3308 Habitus
592 3255 686 3308 dicitur
703 3257 797 3324 riuus,
816 3257 876 3322 quia
899 3269 945 3320 per
965 3257 992 3306 il·
1031 3259 1055 3304 ct
1073 3255 1173 3318 appetit
1190 3253 1210 3304 ll
1230 3253 1282 3304 8544
1301 3255 1326 3306 d.
1348 3255 1357 3306 4
1381 3283 1416 3294 -
1439 3255 1476 3306 Do
1499 3259 1599 3308 4444444
1625 3273 1669 3312 uo
1708 3255 1832 3306 unitatem
1850 3255 1875 3304 44
1898 3257 1985 3304 444444
2008 3253 2104 3306 444364
2126 3251 2208 3304 4*-
2232 3271 2283 3306 444
2309 3261 2348 3308 444

351 3345 405 3398 lum
425 3345 737 3412 quisvitamaeternam
755 3345 991 3408 mereripotesllll
1031 3341 1132 3394 luntarli
1154 3347 1191 3394 cst
1211 3345 1325 3406 cognitio
1349 3343 1518 3408 singularium
1544 3347 1599 3398 sive
1624 3349 1671 3398 cir·
1708 3345 1731 3394 lu
1752 3343 1870 3396 retreat
1889 3341 1951 3394 Filio
1970 3347 1994 3394 et
2020 3357 2070 3394 uua
2099 3345 2238 3396 voluntatis
2264 3345 2348 3396 tecan-

356 3433 477 3486 49745
1031 3431 1247 3484 cumstantiarum
1268 3431 1287 3482 44
1305 3429 1391 3484 5974
1709 3431 1872 3484 4444444945
1893 3429 1909 3482 lt
2102 3483 2104 3486 ,
2181 3495 2183 3498 ¹

404 3551 436 3562 ..
455 3525 537 3574 Amor
556 3521 684 3588 gratuitus
695 3525 810 3574 animam
825 3525 931 3588 proprie
950 3525 994 3576 lra-
1084 3519 1243 3572 —Nouem
1274 3521 1371 3586 gradus
1395 3521 1536 3576 uoluntarii
1562 3527 1669 3588 proprie
1760 3537 1794 3560 ‘-
1814 3533 1860 3584 per
1881 3515 2064 3572 fecunditatem
2085 3521 2194 3572 trabitur
2212 3521 2244 3572 ad
2266 3525 2346 3576 nulio·

350 3611 393 3666 bet
413 3611 557 3676 444444444,
570 3613 630 3678 quia
646 3611 751 3676 4444444
764 3625 826 3662 com
839 3611 894 3664 Deo
909 3613 993 3676 ipsam
1032 3607 1072 3660 vel
1095 3609 1245 3672 largedicti
1266 3609 1354 3660 44956
1383 3611 1411 3664 d.
1430 3611 1444 3662 3
1465 3611 1550 3672 -ebe
1569 3613 1670 3666 ratione
1709 3623 1777 3672 nem,
1796 3611 1856 3676 quia
1876 3609 2055 3660 consideratur
2076 3611 2100 3660 in
2121 3611 2239 3674 personis
2269 3611 2346 3662 4946

351 3701 500 3754 vivificante
519 3699 620 3750 444647
640 3698 695 3751 (4.4
731 3729 765 3738 -
794 3705 831 3752 444
854 3713 899 3764 per
919 3713 993 3764 gene·
1032 3697 1207 3762 cognoscendi
1229 3699 1313 3762 privat
1334 3701 1488 3766 ignorantia,
1510 3701 1543 3754 de
1572 3701 1670 3754 ratione
1710 3695 1956 3750 ii-volontatis
1973 3699 2117 3750 fecunditas
2137 3705 2174 3750 est
2194 3701 2217 3750 in
2235 3699 2310 3752 Putre
2324 3707 2347 3754 et

354 3789 434 3842 ratem
453 3789 576 3840 instillant
598 3789 630 3840 444
650 3789 697 3840 344
724 3789 747 3840 d.
768 3789 786 3840 5
806 3789 993 3840 -Viuiiicare
1033 3785 1145 3848 perlecto
1171 3787 1344 3852 principiaadi
1370 3789 1506 3842 infirmitas
1535 3791 1551 3842 ll
1578 3787 1628 3842 597
1658 3805 1670 3842 4
1710 3787 1785 3854 Filio,
1804 3801 1855 3840 444
1875 3789 1902 3838 in
1920 3789 2017 3850 Spiritu
2036 3793 2126 3840 sancto
2146 3775 2154 3838 i
2174 3789 2224 3840 498
2245 3785 2274 3840 3*

354 3885 390 3930 444
410 3885 486 3930 44444
503 3875 993 3942 444444444444444444.-4444444444444
1037 3873 1099 3928 Vide
1121 3873 1371 3942 dignorantiam
1394 3879 1424 3930 V.
1453 3877 1609 3948 infirmitas.
1637 3907 1696 3920 -¹
1762 3905 1797 3918 -
1814 3885 1854 3930 est
1872 3891 1968 3930 nomen
1991 3877 2140 3942 essentiale,
2167 3877 2215 3930 sed
2243 3891 2292 3930 non
2323 3879 2346 3930 in

351 3981 398 4034 per
419 3969 603 4032 poenitentiam
622 3967 654 4018 lV
676 3967 727 4020 349
746 3965 809 4020 (4.5
852 4021 854 4024 ,
1033 3979 1101 4032 quae
1119 3963 1183 4016 44444
1204 3979 1250 4028 pcr
1275 3971 1373 4018 metum
1399 3973 1459 4020 44444
1484 3969 1628 4020 voluntaria
1655 3971 1671 4022 ll
1710 3967 1859 4020 omnimodo
1880 3963 2068 4032 abstractione,
2089 3965 2160 4032 quod
2179 3975 2265 4030 potest
2288 3981 2349 4032 sup·

377 4065 383 4068 ·’
402 4057 537 4110 4444444444
558 4083 591 4092 -
613 4057 744 4110 notificant
761 4059 937 4122 proprietates
956 4071 994 4110 re·
1032 4053 1083 4104 647
1105 4053 1131 4104 6*
1159 4053 1219 4106 Vide
1241 4053 1270 4104 V.
1291 4053 1518 4110 inuoluitiurium.
1709 4069 1806 4120 ponere
1823 4069 1872 4120 pru
1893 4067 2004 4118 persona
2025 4055 2111 4106 minus
2131 4057 2235 4120 proprie
2264 4057 2271 4108 4
2297 4055 2348 4108 449

354 4157 412 4198 4444
432 4146 448 4197 ll
470 4145 521 4196 899
542 4145 558 4200 b
577 4173 612 4182 ω
630 4145 791 4212 Frequenter
808 4145 843 4198 ad
871 4147 995 4210 cognitio
1085 4171 1121 4184 -=
1139 4141 1222 4194 04444
1241 4149 1377 4208 peccatum
1401 4153 1437 4196 cst
1455 4145 1633 4200 voluntarium
1655 4147 1671 4198 ll
1710 4143 1726 4194 b
1752 4171 1790 4182 —
1816 4143 2001 4208 appropriatur
2021 4145 2125 4208 Spiritui
2147 4149 2234 4196 sancto
2260 4147 2268 4196 t
2296 4143 2349 4198 564

353 4245 411 4286 neni
433 4235 469 4284 444
490 4233 662 4298 perducimur
686 4247 735 4298 per
756 4233 992 4286 considerationem
1033 4229 1084 4282 936
1103 4231 1128 4284 b.
1149 4229 1200 4282 947
1222 4233 1267 4282 tt
1292 4257 1327 4272 -ι-
1347 4231 1428 4284 04444
1454 4233 1552 4286 matrim
1578 4235 1671 4300 eulpae
1712 4233 1802 4296 argi
1830 4229 1895 4284 Vide
1920 4231 1951 4284 V.
1975 4229 2349 4302 spiritns·sanctas-oppro-

350 4321 540 4376 vocabulorum
560 4319 620 4374 ibid.
643 4321 705 4374 Vide
731 4321 757 4374 V.
777 4323 889 4376 4444444444.
1032 4321 1138 4372 actualis
1158 4329 1195 4370 est
1216 4321 1391 4380 voluntarium
1413 4323 1499 4374 44898
1520 4337 1575 4386 arg.
1600 4325 1606 4374 4
1636 4349 1671 4364 -
1707 4317 1805 4388 priui.
2387 4321 2393 4332 ”

405 4411 517 4464 44444444
540 4411 653 4462 -dicit
673 4415 758 4464 actum
779 4415 807 4460 ul
827 4411 993 4476 exteriorem,
1033 4409 1109 4474 Quod
1127 4407 1186 4460 tacit
1205 4409 1239 4460 ad
1257 4411 1383 4462 rationum
1405 4411 1544 4462 voluntarii
1561 4411 1620 4464 iacit
1637 4413 1670 4464 ad
1744 4411 1759 4460 3
1782 4437 1812 4450 -
1833 4413 1858 4462 ia
1877 4409 1930 4462 Deo
1952 4423 2001 4462 nou
2024 4411 2090 4476 regit
2107 4411 2241 4464 4444444444
2263 4413 2350 4476 poten·

353 4501 396 4568 qui
418 4505 539 4552 connotat
558 4501 679 4552 ellectum
698 4505 727 4550 ut
745 4499 922 4552 exteriorem}
940 4499 993 4554 745
1031 4493 1201 4562 eugrnentum
1225 4499 1329 4562 peccati,
1351 4505 1374 4550 44
1394 4499 1465 4566 quod
1481 4499 1600 4552 diminuit
1613 4501 1671 4554 iacit
1709 4501 1769 4564 tias,
1790 4501 1848 4566 quia
1868 4513 1921 4550 4444
1941 4497 2057 4552 (44444444
2080 4497 2222 4552 substantia
2240 4499 2314 4552 4799
2335 4513 2349 4552 4

350 4589 380 4640 6*
399 4595 492 4640 -444
509 4591 535 4638 44
556 4589 615 4654 plus
632 4569 713 4654 44444
734 4589 823 4640 electio
851 4587 913 4642 laid.
940 4589 993 4642 746
1031 4587 1064 4638 ad
1078 4587 1269 4638 alleviationem
1286 4589 1382 4650 peceati
1405 4589 1421 4640 ll
1439 4587 1491 4640 596
1512 4587 1543 4640 4*
1557 4587 1619 4644 Vide
1641 4591 1673 4644 V.
1709 4601 1747 4654 44.
1768 4617 1801 4626 -·-
1820 4587 1865 4638 4444
1887 4575 2350 4652 neciugamneoappctitumltabet

351 4677 380 4730 4*
398 4705 433 4716 --
451 4685 492 4730 444
509 4679 580 4742 prior
599 4678 724 4730 electione
749 4677 893 4728 secundnm
921 4681 994 4730 ratio·
1033 4673 1119 4742 Calpe
1136 4683 1162 4726 et
1184 4673 1212 4726 V.
1235 4677 1374 4730 Pacuuium
1394 4673 1440 4742 ii,
1463 4673 1516 4734 25.
1709 4691 1755 4728 nec
1770 4679 1897 4730 tristitiam
1911 4691 1959 4728 nee
1973 4677 2104 4742 malitiam,
2118 4679 2179 4744 quia
2194 4677 2349 4730 estomnino

351 4779 410 4820 nent
432 4767 605 4832 intelligendi,
625 4767 672 4818 sed
686 4781 738 4818 non
757 4777 884 4832 quantum
899 4767 933 4818 ad
952 4781 995 4820 or·
1085 4767 1219 4818 4444444444
1238 4793 1271 4802 -
1294 4767 1302 4818 4
1327 4763 1446 4818 Potentia
1459 4767 1576 4820 44444444
1589 4767 1671 4822 ratio·
1710 4767 1752 4818 4444
1774 4767 1919 4832 coniuncta,
1946 4765 1992 4818 scd
2020 4767 2200 4818 omnimodum
2227 4767 2347 4820 laetitiam

349 4857 438 4908 dinem
457 4855 570 4908 durandi
590 4857 597 4908 l
619 4855 671 4908 745
690 4851 719 4906 6*
746 4881 783 4894 ·-
808 4869 860 4908 non
887 4863 928 4908 est
949 4871 994 4910 su·
1031 4851 1111 4908 nolis.
1709 4857 1868 4908 etlustitiam
1888 4851 1921 4908 il.
1941 4853 1969 4920 b,
1991 4851 2020 4906 4*

349 4947 440 5010 pertus
464 4945 603 4998 essentiale
629 4951 750 5010 respectu
778 4945 920 5010 electionis,
947 4947 998 5022 scd
1087 4941 1150 4996 9444
1171 4941 1224 4996 4444
1244 4971 1278 4988 -.
1293 4943 1671 5014 essentialis-*opproprium
1761 4971 1797 4986 -·
1814 4947 1840 5016 in
1859 4945 1914 5014 Deo
1932 4943 2182 4996 nonhabetvariari
2202 4945 2347 4998 secundum

347 5035 456 5088 44444444
476 5047 638 5100 consequens
657 5031 719 5086 ibid.
1033 5035 1049 5086 3
1076 5031 1254 5100 Persecliones
1280 5031 1426 5088 calatinus
1448 5033 1554 5088 (44444444
1578 5035 1672 5104 ipro·
1709 5033 1857 5086 affectiones
1874 5033 1975 5098 uarias,
1996 5035 2056 5098 quia
2078 5047 2127 5084 non
2146 5033 2277 5086 diliertab
2290 5039 2348 5086 4444

402 5149 439 5164 -·
457 5129 498 5176 est
515 5123 668 5188 temporalis
686 5125 693 5174 4
713 5121 765 5174 745
787 5121 816 5172 6*
1031 5121 1131 5176 diruens
1149 5135 1296 5190 personum
1314 5121 1330 5174 5
1353 5121 1487 5178 Obiecinnt
1514 5127 1635 5178 44444444
1656 5127 1671 5178 6
1709 5121 1788 5174 1739
1806 5137 1821 5174 a
1841 5137 1881 5190 sn.
1900 5147 1934 5160 -
1955 5121 2042 5172 divina
2061 5129 2171 5186 propter
2188 5121 2348 5176 identitatem

401 5211 521 5266 4444444
541 5217 633 5264 -est
660 5219 749 5264 444444
774 5215 866 5264 avium
893 5213 912 5264 li
942 5213 989 5264 384
1032 5211 1164 5266 bonomi
1177 5209 1248 5264 94444
1260 5211 1338 5266 cciiii
1349 5211 1383 5266 44
1393 5211 1584 5268 44444444444448
1598 5215 1673 5268 Ratio
1709 5211 1749 5262 sui
1769 5225 1830 5264 cum
1850 5217 1909 5262 actu
1927 5223 2034 5274 semper
2050 5219 2091 5262 est
2108 5211 2133 5262 in
2162 5225 2214 5262 uno
2241 5217 2300 5262 actu
2324 5201 2359 5264 at

350 5301 380 5354 5*
398 5327 436 5340 -
454 5301 574 5352 Volatilia
595 5307 736 5354 (44444444
758 5301 874 5366 impulso
898 5303 995 5354 4444444
1031 5297 1137 5354 44444444
1154 5301 1170 5350 9
1189 5301 1346 5354 antecedens
1364 5329 1399 5340 -
1413 5313 1574 5370 consequens
1589 5305 1620 5356 49
1634 5301 1674 5358 444·
1711 5301 1735 5352 ln
1754 5309 1812 5352 actu
1841 5301 1962 5352 nniiormi
1990 5303 2016 5350 et
2043 5301 2150 5350 omnino
2176 5301 2272 5352 4444444
2297 5313 2349 5352 444

350 5391 452 5442 alarum
471 5391 489 5442 ll
509 5389 651 5442 38844-
680 5389 717 5442 Ad
748 5389 821 5442 444444
845 5391 994 5442 'volandum
1031 5385 1160 5456 adpleciti
1178 5389 1203 5440 ll
1229 5387 1301 5458 signi
1318 5391 1351 5440 49
1370 5389 1545 5458 impletio-
1565 5391 1674 5460 effeetus
1711 5387 2001 5454 potestnocnalntin
2023 5389 2177 5454 scalionem
2201 5391 2351 5454 contingen·

350 5481 443 5532 iuuant
461 5493 564 5544 pennae
582 5481 600 5530 ll
623 5479 673 5530 699
693 5477 722 5532 9*
1032 5477 1188 5548 contingens
1208 5479 1240 5530 43
1259 5481 1379 5546 respectu
1400 5475 1497 5532 solutis
1527 5479 1558 5532 44
1584 5481 1674 5532 (lunen
1712 5479 1772 5528 tiam
1792 5475 1824 5530 ib.
1847 5475 1874 5526 4*
1896 5465 1959 5530 Vide
1982 5475 2010 5528 V.
2035 5475 2202 5532 Vertiiiliins.
2299 5481 2302 5488 '

405 5595 439 5604 -
458 5569 554 5620 Velare
572 5567 667 5620 dicitur
686 5569 794 5634 proprie
818 5573 844 5620 44
873 5569 995 5622 translate
1034 5581 1128 5622 rerunt
1146 5595 1182 5606 -
1200 5565 1230 5622 in
1248 5565 1341 5622 4449444(
1360 5595 1394 5608 -
1414 5567 1441 5622 444
1459 5571 1503 5624 444
1525 5609 1530 5620 .
1762 5593 1799 5606 -
1817 5567 1844 5618 44
1865 5567 1917 5618 [leo
1943 5579 1993 5616 uon
2018 5569 2055 5618 est
2074 5568 2195 5618 voluutas
2222 5565 2349 5618 accedens

351 5659 370 5710 ll
390 5657 444 5710 3b
1088 5657 1122 5708 45
1140 5659 1284 5710 creaturae
1302 5655 1444 5710 rationulis
1477 5659 1506 5710 46
1528 5657 1611 5712 Aeliis
1640 5657 1674 5710 47
1711 5667 1758 5706 neo
1778 5663 1897 5720 respectu
1928 5655 1972 5706 tloi
1997 5669 2045 5708 nco
2071 5661 2190 5720 respecto
2218 5661 2350 5708 creaturae

404 5745 586 5796 Vouunrtatuu
606 5771 641 5782 -
659 5749 698 5796 est
716 5745 789 5810 quod
809 5753 847 5798 est
867 5761 879 5796 a
902 5749 996 5808 princi·
1034 5745 1155 5812 rerpeelu
1172 5743 1236 5814 pinis
1256 5747 1288 5796 48
1310 5743 1446 5798 0544444444
1466 5743 1564 5798 bonum
1591 5747 1622 5796 49
1643 5745 1674 5798 li·
1712 5745 1821 5796 44984
1844 5773 1877 5784 -
1897 5747 1922 5796 44
1933 5745 1989 5796 4444
2009 5751 2047 5796 444
2060 5745 2218 5796 antecedens
2229 5751 2350 5808 respectu

351 5837 395 5898 pio
414 5833 555 5886 intrinseco
573 5835 590 5884 ll
612 5831 662 5882 597
677 5847 700 5884 a.
713 5831 765 5884 847
779 5831 816 5886 9*.
832 5835 858 5884 ill
873 5835 926 5886 385
938 5849 994 5898 arg.
1034 5829 1095 5884 6444
1125 5831 1158 5884 99
1186 5845 1296 5886 moilens
1322 5847 1351 5886 44
1369 5831 1456 5900 ipsunt
1485 5857 1519 5870 -
1538 5819 1683 5900 imperans
1711 5841 1845 5888 creaturae
1863 5839 1891 5886 44
1912 5835 2067 5898 principium
2088 5835 2236 5886 distinctum
2261 5841 2350 5886 contra

352 5925 379 5976 3.
396 5921 430 5974 444
449 5921 498 5974 594
516 5935 573 5986 arg.
599 5921 626 5974 l.
646 5919 697 5970 599
718 5919 735 5970 4
753 5947 789 5958 -
810 5921 903 5974 dicitur
923 5921 995 5988 quod
1032 5917 1095 5972 eliis
1112 5917 1235 5988 potentiis
1253 5919 1282 5970 94
1301 5933 1356 5972 non
1374 5923 1467 5976 444444
1486 5923 1517 5974 99
1538 5921 1674 5976 naturalis
1712 5929 1829 5976 naturam
1850 5919 1920 5988 ibid,
1940 5921 1970 5974 3*
1988 5925 2058 5974 -in
2079 5923 2132 5976 4444
2153 5919 2204 5976 non
2224 5927 2262 5974 444
2281 5927 2352 5974 4444-

353 6017 393 6066 444
411 6027 424 6062 a
445 6009 585 6076 voluuiate,
609 6009 650 6060 vel
680 6009 751 6078 quod
779 6015 819 6062 444
846 6009 995 6060 secundum
1032 6033 1067 6048 -
1085 6003 1257 6062 deliberativo
1277 6009 1310 6060 93
1330 6009 1457 6062 vertibilis
1484 6009 1515 6064 94
1539 6011 1613 6066 Medi
1631 6025 1674 6066 uo·
1712 6011 1806 6064 cedens
1825 6017 1945 6078 respectu
1967 6013 2010 6064 4444
2031 6009 2067 6066 444.
2083 6027 2108 6064 a.
2129 6013 2175 6064 l3l
2201 6013 2262 6064 d.3

352 6101 462 6154 modum
481 6101 624 6154 ’4444444444
641 6099 669 6150 444
689 6099 722 6150 55
744 6095 771 6150 9*
788 6123 825 6138 ·-
843 6099 996 6172 Quodcau-
1033 6093 1106 6150 leucii
1118 6097 1150 6150 95
1166 6095 1341 6152 Voluntatem
1352 6097 1673 6170 diuersiiuseiopposilio.
1764 6129 1800 6156 -,,,
1818 6101 1908 6154 diviua
1930 6115 1978 6154 nec
1996 6099 2083 6152 dcilcii
2102 6115 2149 6152 neo
2169 6107 2350 6176 (4444444444

353 6199 427 6244 44444
446 6191 606 6244 avolantate
627 6203 675 6256 per
688 6189 797 6242 modum
810 6189 944 6242 4444444444
956 6193 996 6240 444
1085 6189 1121 6240 98
1141 6183 1210 6240 bono
1231 6187 1263 6240 97
1283 6191 1358 6242 rucio
1376 6203 1392 6242 u
1411 6189 1464 6244 Deo
1493 6217 1527 6228 -
1553 6189 1672 6260 44444444
1712 6197 1796 6256 polest
1813 6189 1926 6242 deiicere
1944 6203 1992 6242 nec
2012 6191 2106 6242 mutari
2125 6191 2133 6240 l
2155 6191 2246 6262 839¹t.
2276 6191 2350 6242 6-

351 6279 528 6334 uoluntarium
555 6281 571 6332 ll
601 6279 651 6330 847
673 6279 732 6332 (4.9
761 6279 947 6346 -estquod
967 6279 995 6330 lit
1031 6277 1221 6348 pergentium
1241 6305 1274 6318 -·
1294 6277 1440 6334 4444444444
1454 6281 1488 6330 98
1500 6279 1626 6334 Meritum
1637 6281 1673 6332 99
1710 6281 1737 6332 ln
1755 6279 1809 6332 Deo
1829 6287 1867 6332 est
1886 6279 1997 6330 liberum
2023 6277 2158 6330 arbitrium
2186 6279 2350 6332 immutabile

352 6369 612 6434 auolantatelibera,
627 6369 704 6420 ctiam
717 6367 871 6420 4444444444
884 6369 909 6420 44
925 6367 996 6420 buno
1031 6365 1108 6428 444444
1127 6367 1160 6418 30
1182 6365 1353 6422 Deortlinuiio
1376 6399 1414 6408 -
1429 6367 1533 6438 pttnilio
1553 6369 1582 6420 34
1607 6369 1674 6426 84444-
1709 6371 1729 6420 44
1748 6369 1800 6422 609
1817 6383 1842 6420 4.
1856 6369 1908 6420 649
1927 6367 1943 6420 l.
1964 6369 1980 6420 9
1996 6395 2034 6408 -
2052 6369 2076 6418 ln
2099 6369 2151 6420 Deo
2171 6381 2221 6420 nou
2235 6375 2274 6420 est
2294 6381 2354 6420 mu·

352 6457 451 6510 444384
471 6455 501 6506 4*
1031 6455 1107 6510 icolio
1127 6483 1162 6496 -
1180 6455 1298 6526 proprio
1316 6455 1475 6526 abnegando
1498 6459 1530 6510 39
1561 6457 1673 6528 4444444-
1710 6459 1770 6510 latio
1784 6459 1926 6510 allectionis
1944 6457 1962 6508 44
1982 6457 2034 6510 639
2054 6453 2083 6506 4*
2101 6457 2193 6508 -Dei
2209 6471 2258 6510 non
2274 6459 2350 6510 allici*

403 6573 441 6586 -
458 6547 610 6612 simpliciter
629 6549 667 6600 444
686 6545 756 6612 quod
776 6555 816 6600 est
833 6561 846 6598 a
861 6547 995 6600 volturiale
1031 6543 1113 6600 ruilus
1132 6559 1194 6600 cunt
1214 6543 1455 6600 dininnnolnntnte
1475 6549 1507 6600 33
1523 6545 1590 6600 Ultio
1605 6549 1673 6604 ’444444
1709 6555 1751 6600 tur
1766 6561 1814 6600 nec
1827 6549 1942 6600 mutatur
1961 6549 1986 6598 in
2006 6543 2168 6610 acceptando
2180 6545 2196 6594 ll
2213 6545 2259 6596 634
2285 6547 2350 6600 b·-

352 6635 522 6700 praeambula
542 6645 568 6688 et
586 6641 710 6688 movente
728 6637 747 6686 tl
767 6635 818 6688 949
837 6649 852 6686 a
872 6663 907 6676 -
927 6637 996 6700 prin·
1033 6635 1087 6688 Deo
1108 6663 1142 6676 -
1161 6633 1319 6704 lodipenliu.
1708 6633 1851 6690 Consilium
1862 6637 1905 6686 944
1917 6633 2087 6698 etdispositlo
2097 6645 2148 6684 444
2161 6641 2244 6698 potest
2254 6635 2348 6688 mutari

353 6723 468 6788 cipaliter
483 6725 585 6790 dicitur,
600 6723 674 6792 quod
689 6731 726 6776 est
740 6725 910 6790 aroluntate,
925 6725 996 6778 nullo
1066 6725 1079 6774 4
1103 6753 1139 6762 —-
1158 6725 1302 6788 respondet
1320 6723 1425 6780 cuilibet
1443 6731 1552 6778 naturae
1576 6725 1674 6780 intelle·
1709 6727 1796 6792 aliqua
1814 6729 1914 6776 ratione
1932 6723 1950 6774 ll
1973 6723 2020 6774 477
2044 6723 2070 6774 4*
2094 6721 2155 6774 Vide
2172 6723 2199 6774 V.
2214 6723 2286 6778 Dens
2298 6719 2351 6776 ti..

353 6813 501 6878 inclinante,
520 6827 569 6864 nec
587 6815 700 6866 exterius
717 6827 766 6864 nce
778 6813 886 6866 interius
904 6815 923 6864 ll
943 6813 994 6866 956
1032 6813 1109 6868 444414
1124 6813 1152 6866 444
1164 6813 1215 6864 364
1229 6815 1246 6864 4.
1260 6813 1284 6876 3,
1299 6813 1361 6866 b-
1373 6817 1541 6882 consequitur
1554 6823 1672 6868 44444444
1760 6841 1797 6854 -
1815 6815 1893 6866 babet
1913 6813 2145 6866 immutabilitatem
2166 6819 2190 6864 44
2209 6813 2307 6864 arbitrii
2324 6813 2352 6864 li·

353 6903 409 6954 (4.3
431 6929 466 6942 -
485 6909 523 6954 cst
542 6905 618 6954 cuius
637 6903 795 6968 principium
815 6905 996 6966 cslroluntas,
1031 6901 1067 6956 ib.
1086 6903 1125 6956 l*.
1142 6903 1170 6954 lll
1190 6903 1242 6954 366
1261 6917 1317 6970 arg.
1337 6903 1353 6954 4
1373 6931 1407 6942 -
1430 6917 1476 6970 per
1495 6917 1522 6956 se
1542 6903 1674 6970 loquendo
1709 6901 2015 6956 acclamarentur
2041 6927 2073 6940 ·-
2092 6895 2162 6954 Deus
2186 6899 2266 6954 libore
2294 6903 2351 6954 uult
