5792 8392
314 615 375 680 609
514 639 516 644 6
1158 613 1271 680 illudit
1295 615 1452 680 iEiiiiUS

596 699 660 750 roa
1545 739 1547 744 .
1943 705 2008 758 voa

363 817 396 826 -·-
416 795 453 840 est
474 787 634 852 possibilium
657 793 681 840 66
705 787 907 850 impossibilium
926 787 943 838 11
983 787 1111 840 linilirum
1139 789 1265 840 iudicium
1292 789 1399 840 rationis
1426 787 1444 840 li
1473 789 1524 840 606
1551 791 1568 840 i.
1593 793 1617 842 9.
1655 805 1707 842 non
1719 797 1830 858 oportet,
1841 793 1912 858 quod
1925 795 2019 858 statim,
2032 805 2092 844 cum
2105 799 2152 858 est,
2165 799 2289 858 operetur

308 875 361 926 698
378 889 435 938 arg.
455 875 472 926 6
491 901 525 918 -κ
544 873 681 936 eligeniiae
699 887 749 926 uon
770 879 808 926 est
832 875 880 926 nisi
908 875 942 926 rei
983 873 1034 924 606
1052 873 1083 924 3*
1655 879 1672 928 11
1692 879 1725 928 93
1744 875 2288 948 6*-616666666666666(6666666616

308 961 437 1026 possibilis
456 963 475 1014 ΙΙ
494 963 545 1014 180
563 959 602 1014 7*.
620 963 654 1014 iV
674 963 726 1014 386
745 959 774 1012 i*
1034 987 1068 1002 -··
1088 963 1171 1016 Homo
1190 963 1332 1030 aliquando
1350 963 1418 1016 bene
1436 965 1484 1016 scil
1502 965 1616 1032 aliquid,
1655 967 1738 1016 iacere
1760 965 1837 1016 l805
1854 979 1879 1018 a.
1899 967 1920 1018 V
1942 969 1991 1020 608
2012 965 2040 1020 6*

362 1077 394 1086 -
415 1063 549 1116 nunquam
566 1049 623 1100 vuit
642 1049 746 1116 aliquod
761 1049 882 1114 volitum,
896 1051 943 1102 nisi
981 1055 1110 1102 ettamen
1136 1053 1236 1104 allectio
1264 1051 1331 1104 adeo
1358 1051 1516 1120 dominatur,
1538 1059 1564 1102 ut
1584 1051 1616 1104 ad
1708 1077 1741 1092 -
1761 1059 1797 1104 est
1817 1053 1973 1120 principium
1994 1055 2143 1108 distinctum
2162 1069 2176 1106 a
2197 1057 2288 1120 princi·

307 1135 371 1188 iilud
389 1125 627 1200 praecognoscatur
646 1149 662 1188 6
680 1139 780 1188 6666666
798 1137 814 1188 li
830 1137 879 1188 899
896 1137 941 1188 68
981 1135 1172 1190 6660666666
1196 1139 1347 1202 oppositum
1371 1141 1504 1202 pertrabat
1528 1139 1543 1190 il
1565 1139 1614 1190 998
1656 1139 1713 1204 666,
1737 1137 1811 1206 quod
1835 1147 1872 1192 est
1892 1149 1979 1194 666666
2000 1143 2089 1194 11688
2108 1143 2125 1196 i.
2146 1143 2169 1194 5.
2190 1143 2217 1194 lil
2238 1143 2286 1194 196

307 1223 942 1290 -sequituraliquamcognilioneranidib
980 1223 1006 1276 6.
1028 1227 1042 1276 3
1064 1223 1126 1278 Vide
1149 1225 1371 1280 Vindiciacum
1392 1227 1587 1290 indicegener.
1655 1239 1711 1290 arg.
1729 1227 1744 1278 2
1765 1253 1798 1266 ·-·
1818 1227 1893 1292 Quod
1912 1236 1983 1283 6666
2004 1233 2138 1284 voluntate
2156 1217 2287 1282 nonest'a
2390 1231 2393 1238 '

306 1339 342 1350 -
361 1311 443 1364 linins
463 1311 603 1364 voluntatis
620 1323 672 1364 non
696 1317 783 1374 potest
805 1325 863 1364 csse
887 1315 942 1362 sine
1035 1339 1067 1354 -.-
1089 1313 1220 1376 praecedit
1237 1315 1443 1380 inquisitionem,
1463 1329 1514 1380 qua
1535 1317 1615 1368 nasci·
1655 1319 1743 1366 natura
1757 1315 1909 1380 11397666.
1923 1317 1939 1368 6
1953 1319 2121 1370 -convenit
2135 1331 2286 1370 66666666

307 1405 378 1452 motu
403 1387 585 1464 intelligentiae
605 1401 713 1464 praevio
732 1399 748 1450 ll
769 1399 819 1450 606
841 1399 858 1452 b
880 1399 942 1452 Vide
981 1405 1023 1452 tur
1040 1401 1152 1454 verbum
1172 1403 1244 1452 1168
1259 1401 1288 1452 9*
1304 1399 1366 1456 Vide
1383 1401 1413 1454 V.
1426 1401 1545 1470 Gopnilio
1559 1401 1613 1458 52.
1655 1401 1763 1452 naturali
1781 1401 1807 1452 iu
1827 1403 1940 1466 generali
1960 1405 2037 1458 modo
2057 1405 2191 1470 causandi,
2204 1405 2249 1458 sed
2263 1407 2286 1456 in

310 1487 339 1538 V.
359 1485 478 1556 depisitio
496 1483 541 1540 55
559 1491 584 1538 at
608 1485 635 1538 V.
656 1485 805 1542 intellectus
826 1485 876 1542 25.
930 1487 931 1492 ’
1032 1515 1067 1526 -
1086 1489 1179 1542 6666666
1200 1491 1346 1542 deliberans
1370 1505 1419 1554 666
1443 1493 1616 1544 6666666666·
1655 1489 1759 1554 speciali
1778 1497 1816 1542 est
1836 1491 1976 1544 differentia
1997 1493 2087 1546 11807
2106 1491 2136 1544 1*

359 1593 392 1614 -6-
415 1573 456 1642 dat
485 1575 689 1640 praeintelligere
718 1575 892 1638 cognitionem
918 1581 942 1626 et
980 1575 1198 1628 6666116686*
1708 1577 2286 1644 -661666666666616666666666666·

306 1667 447 1728 potentiam
477 1669 501 1716 el
525 1667 648 1716 virtutem
676 1663 770 1716 11916
790 1663 807 1714 b
825 1689 860 1700 -
879 1675 942 1716 nun·
1033 1691 1068 1702 -
1087 1665 1112 1714 ln
1132 1663 1209 1716 nobis
1226 1671 1265 1718 est
1283 1665 1418 1718 irascibilis
1442 1671 1468 1716 et
1491 1667 1615 1730 concupi·
1653 1673 1741 1728 spectu
1763 1671 1877 1732 actuum,
1898 1669 1941 1734 qui
1955 1683 1983 1720 ex
1998 1665 2183 1722 deliberatione
2197 1683 2288 1734 proce·

307 1763 384 1818 quam
403 1755 501 1818 appetit
519 1753 608 1818 linem,
626 1753 676 1804 nisi
695 1753 760 1804 ratio
780 1751 820 1802 vel
836 1751 942 1804 allectus
980 1749 1076 1804 scibilis
1095 1753 1225 1806 rationalis
1242 1757 1269 1806 ei
1286 1753 1414 1806 sensibilis
1431 1755 1450 1804 11
1471 1755 1523 1806 606
1536 1751 1572 1806 ib
1586 1755 1614 1806 ili
1653 1751 1718 1806 dunt
1735 1755 1753 1806 ii
1776 1753 1842 1806 1006
1860 1753 1879 1806 b
2020 1749 2021 1752 ’

305 1841 412 1892 66666666
429 1855 488 1894 eam
506 1845 666 1904 praecurrat,
684 1853 752 1906 quae
772 1839 851 1892 finem
869 1839 941 1890 ilium
979 1839 1032 1890 767
1052 1839 1080 1890 1*
1099 1867 1132 1878 --
1151 1839 1365 1906 concupiscibilis
1384 1847 1410 1894 66
1421 1841 1563 1910 irascibilis,
1578 1857 1614 1896 se·
1705 1869 1738 1882 -·-
1757 1847 1795 1894 est
1807 1855 1890 1908 agens
1903 1857 1950 1908 666
1962 1845 2130 1896 intentionem
2144 1845 2152 1896 i
2165 1845 2217 1898 816
2230 1845 2285 1898 rii

305 1929 459 1980 6666666611
480 1929 531 1980 896
550 1929 566 1980 l.
587 1929 602 1980 8
619 1953 657 1970 -
669 1929 747 1980 relate
761 1927 795 1980 ad
807 1929 940 1980 scientiam
980 1927 1095 1980 cundum
1109 1929 1179 1994 quod
1193 1935 1253 1980 sunt
1272 1929 1346 1980 liberi
1358 1929 1456 1982 arbitrii
1469 1939 1563 1996 partes,
1577 1947 1614 1986 ra·
1658 1927 1718 1982 Vt'de
1739 1929 1770 1980 V.
1784 1929 1873 1996 Apros
1893 1935 1916 1982 et
1935 1933 1961 1982 in
1979 1931 2067 1984 indice
2086 1945 2175 1996 gener.
2192 1931 2220 1986 V.
2238 1931 2286 1986 Vo-

305 2031 333 2068 se
353 2015 430 2070 babet
446 2031 495 2082 per
513 2017 622 2070 modurn
649 2019 832 2084 consequentis
856 2023 880 2070 et
900 2015 942 2068 ad·
980 2015 1087 2066 tionales
1106 2021 1165 2070 sunl
1182 2016 1212 2068 lii
1225 2017 1278 2070 717
1290 2017 1307 2070 b
1319 2043 1355 2056 -
1367 2017 1504 2070 irascibilis
1518 2025 1542 2072 el
1554 2035 1611 2072 con·
1652 2015 1811 2072 1666666606.
1831 2043 1863 2056 ·-
1884 2019 1930 2070 Per
1950 2019 2058 2072 66066
2078 2021 2216 2074 voluntatis
2228 2035 2286 2086 pro·

305 2103 387 2158 dentis
407 2107 438 2160 ad
458 2109 591 2160 scientiam
611 2105 683 2158 1706
697 2107 715 2158 6.
729 2109 743 2158 6
757 2133 792 2142 -
805 2105 941 2170 6661666666
980 2103 1139 2166 cupiscibilis
1158 2103 1286 2158 sensibilis
1303 2105 1400 2158 dicitur
1421 2108 1566 2176 rationalis,
1588 2111 1611 2160 in
1652 2107 1755 2160 ducitur
1775 2105 1869 2172 aliquid
1891 2107 2034 2160 secundum
2058 2109 2184 2160 rationem
2204 2121 2286 2160 exem·

304 2199 405 2246 motum
423 2197 543 2262 sequitur
560 2195 735 2260 cognitionem
758 2193 940 2260 disponentem
979 2195 1105 2258 quantum
1124 2193 1288 2258 obtemperat
1307 2193 1399 2246 rationi
1417 2191 1451 2248 ib.
1473 2193 1499 2244 1*
1514 2223 1545 2234 —
1565 2199 1613 2250 lra·
1651 2193 1799 2260 61666666661
1822 2193 1872 2244 169
1892 2209 1948 2260 arg.
1966 2195 1980 2246 2
2302 2247 2306 2254 ,

303 2283 732 2336 116066-6666661666666666
752 2281 938 2346 adamantum,
978 2277 1074 2330 scibilis
1098 2279 1203 2332 uidclur
1226 2295 1284 2332 esse
1310 2295 1389 2344 posse
1416 2283 1441 2333 in
1470 2281 1610 2336 substantia
1703 2309 1737 2322 -
1757 2289 1794 2334 666
1813 2295 1890 2334 66666
1910 2283 2020 2350 iaciens,
2039 2297 2106 2350 quae
2127 2289 2211 2350 polest
2231 2285 2284 2336 eill-

304 2373 486 2436 amplectendo
497 2373 540 2424 661
553 2371 709 2436 refugiendo
722 2373 793 2436 illud,
806 2373 855 2424 nisi
867 2385 939 2436 6666-
977 2381 1044 2432 6666
1060 2367 1185 2430 spirituali
1208 2369 1216 2420 1
1235 2369 1284 2420 198
1304 2367 1334 2420 6*
1651 2385 1710 2422 cere
1727 2377 1752 2420 66
1771 2383 1822 2422 non
1841 2371 1944 2424 allicere
1963 2385 2010 2436 per
2028 2373 2139 2424 eandem
2156 2371 2212 2424 vim
2225 2385 2284 2436 pro·

303 2457 410 2512 ambulo
428 2463 542 2526 cogitatu
558 2457 621 2514 idid,
639 2487 675 2498 -·
686 2473 738 2512 non
752 2459 831 2512 babet
845 2471 939 2524 appro
1031 2481 1062 2492 -
1083 2463 1110 2508 ut
1129 2469 1253 2520 praesens
1274 2457 1348 2510 nobis
1361 2459 1503 2510 certissime
1518 2475 1611 2526 coguo-
1652 2463 1708 2524 pter
1726 2457 1869 2510 dominium
1890 2473 1970 2524 66666
1981 2463 2109 2512 66166666
2123 2467 2148 2514 66
2162 2461 2283 2530 ellectum

303 2547 366 2602 bare
383 2551 426 2604 vel
443 2563 576 2616 respuere,
597 2549 938 2602 siveeiicereetreircnare
977 2543 1239 2598 enuntiantur
1650 2547 1741 2598 11108
1763 2543 1790 2596 6*
2218 2531 2220 2544 ’

303 2643 388 2690 66666
409 2639 560 2704 66666666,
580 2637 627 2690 6666
646 2637 751 2690 rationis
772 2641 846 2690 acius
864 2649 938 2700 6666·
1029 2659 1065 2670 -
1084 2633 1239 2700 meliorest,
1259 2635 1380 2700 quaead
1400 2637 1611 2700 pluraseeuicn·
1702 2663 1735 2670 -
1756 2633 1917 2698 impossibile
1934 2643 1980 2700 est,
2000 2637 2073 2702 quod
2090 2651 2172 2702 agens
2192 2649 2283 2688 secun·

303 2727 384 2790 cedat,
404 2743 434 2780 66
453 2741 505 2794 qna
526 2727 646 2778 voluntas
665 2727 689 2778 in
709 2731 768 2778 actu
788 2739 837 2778 suo
850 2727 939 2790 incipit
978 2721 1027 2788 666,
1051 2719 1096 2772 ubi
1120 2723 1220 2790 aliquid
1242 2725 1334 2786 6661666
1353 2739 1365 2774 6
1385 2725 1491 2778 volitoi
1513 2727 1562 2776 802
1585 2723 1611 2776 l*
1650 2719 2283 2790 6666616666666,666666666661666666666-

302 2817 466 2880 complacere
485 2817 525 2868 vei
545 2815 683 2880 displicere
701 2811 762 2868 ibid.
783 2841 816 2854 -
833 2815 937 2866 666616-
976 2837 1012 2848 -
1031 2823 1080 2862 666
1102 2809 1195 2864 6666666
1214 2813 1312 2876 666666,
1328 2827 1395 2878 qnae
1411 2825 1438 2864 se
1452 2811 1565 2864 extendit
1578 2813 1610 2866 ad
1650 2817 1693 2886 tur
1709 2811 1846 2874 voluntati,
1865 2811 1978 2864 volendo
1997 2825 2080 2864 unum
2092 2813 2282 2866 contrariorum

303 2903 339 2966 git
358 2901 536 2970 deliberative,
556 2905 606 2956 nisi
625 2903 765 2968 praecedat
779 2901 905 2954 iudicium
918 2903 936 2954 il
977 2899 1050 2964 plura
1070 2899 1230 2964 simpliciter,
1248 2899 1294 2952 sed
1314 2901 1348 2950 ad
1366 2899 1611 2964 ploraretionabili-
1649 2901 1723 2952 666666
1741 2899 1888 2966 reliquum,
1906 2903 1932 2952 66
1951 2915 1965 2952 6
1982 2913 2111 2952 converso
2133 2901 2207 2952 1198
2225 2915 2282 2966 arg.
2364 2969 2366 2974 ,

303 2991 354 3042 690
372 3005 429 3058 arg.
447 2991 465 3042 6
487 2991 549 3046 Vide
569 2991 599 3044 V.
613 2991 772 3056 6666666666,
792 2989 936 3044 66166166
976 2995 1014 3040 ter
1033 2985 1095 3040 idid.
1651 2985 1681 3036 17
1702 3015 1734 3024 -
1754 3001 1822 3054 quae
1841 2987 2026 3042 determinatur
2043 2989 2078 3042 ad
2096 2989 2204 3054 aliquod
2221 2989 2282 3040 voli·

302 3085 325 3132 et
350 3079 377 3132 V.
395 3079 529 3136 Iudicium
547 3081 571 3150 in
593 3079 678 3134 indice
696 3093 786 3144 gener.
1028 3103 1062 3112 -
1082 3083 1118 3126 est
1137 3077 1203 3128 ratio
1221 3089 1329 3128 causare
1348 3077 1445 3128 iaciens
1469 3077 1492 3126 ln
1519 3079 1609 3130 eiiectn
1649 3083 1719 3140 turn,
1737 3077 1771 3126 ita
1790 3075 1860 3142 quad
1883 3089 1931 3128 666
1952 3077 2029 3128 simul
2047 3081 2073 3128 ei
2096 3077 2177 3130 semei
2203 3077 2283 3130 lertur

355 3195 386 3206 -·
407 3169 540 3222 derivatur
557 3171 614 3220 sive
633 3169 751 3232 procedit
770 3181 786 3218 a
810 3167 935 3218 memoria
976 3165 983 3214 i
1002 3161 1053 3214 806
1073 3161 1091 3214 b
1110 3191 1144 3234 ‘T
1162 3169 1201 3216 esi
1220 3177 1295 3216 causa
1314 3177 1492 3232 rerumquae
1506 3179 1521 3216 6
1535 3165 1610 3216 nobis
1649 3177 1728 3228 super
1740 3165 1935 3218 universitatem
1949 3177 2057 3217 suorum
2072 3165 2283 3232 ellectuum,mu·

301 3261 325 3308 et
346 3257 508 3322 intelligentia
530 3257 546 3306 ii
566 3255 617 3308 606
635 3253 654 3306 b
975 3257 1035 3302 6666
1052 3247 1086 3302 ib.
1106 3265 1117 3300 6
1138 3279 1173 3290 -
1191 3251 1253 3304 66666
1272 3253 1399 3304 actualem
1421 3253 1609 3306 ordinationem
1649 3255 1724 3318 tatur,
1745 3265 1806 3304 cum
1827 3253 1905 3304 modo
1924 3253 1983 3306 iacit
2003 3267 2099 3318 6666,
2119 3251 2200 3306 6666
2222 3267 2282 3306 con·

355 3371 388 3384 -··
413 3347 529 3412 sequitur
555 3345 730 3410 cognitionem
753 3343 935 3396 intellectivam
975 3337 1007 3390 ad
1028 3339 1148 3392 ellectum
1168 3339 1186 3391 il
1207 3339 1275 3390 6003
1293 3339 1319 3406 b,
1343 3339 1368 3390 li
1386 3367 1421 3378 -
1439 3345 1611 3406 estapproxi·
1649 3339 1797 3394 irarian
1820 3339 1936 3392 10967*
2068 3401 2069 3404 ¹

302 3439 345 3486 aui
371 3435 521 3486 sensitivam
550 3433 577 3484 lii
605 3431 655 3484 366
674 3431 689 3484 b
710 3459 745 3470 -
764 3431 936 3484 sensualitatis
976 3429 1071 3478 malina
1102 3429 1230 3492 potentiae
1256 3429 1290 3480 ad
1317 3429 1450 3492 agendum
1474 3427 1509 3482 t'b.
1534 3429 1551 3482 b
1576 3457 1610 3468 -
1700 3457 1734 3466 -—
1754 3417 1932 3480 consideratur
1951 3431 1974 3482 in
1994 3429 2092 3480 ratione
2105 3427 2281 3494 producentis,

302 3535 353 3574 non
371 3523 489 3588 sequitur
506 3523 681 3586 cognitionem
701 3521 852 3572 sensitivam
870 3525 936 3572 exta·
974 3517 1031 3568 unit
1048 3517 1207 3582 principium
1226 3517 1373 3570 eiiectivum
1394 3531 1453 3570 cum
1473 3517 1608 3570 11661806
1649 3521 1691 3568 666
1710 3525 1787 3582 66666
1805 3521 1843 3568 661
1859 3519 2018 3582 principium
2030 3517 2179 3570 distinctum
2194 3521 2281 3572 contra

301 3611 396 3662 riorern
416 3613 471 3664 sine
488 3611 603 3662 interiori
621 3609 650 3660 ill
670 3609 722 3660 367
743 3605 771 3660 l*
975 3603 991 3656 b
1010 3619 1050 3670 sq.
1069 3631 1105 3644 -
1124 3605 1299 3658 diciturillud
1318 3619 1371 3672 quo
1392 3607 1507 3658 alliciens
1526 3609 1610 3672 iungi·
1648 3613 1776 3670 naturam,
1794 3611 1839 3656 aut
1856 3605 2278 3668 66666666666166616616666

354 3725 387 3738 -
407 3705 431 3750 66
455 3701 520 3750 ratio
548 3711 600 3750 non
627 3711 657 3750 se
683 3699 891 3750 concomitantuc
911 3699 934 3748 in
974 3697 1016 3744 tur
1034 3693 1078 3744 tini
1097 3693 1121 3744 66
1135 3691 1290 3744 habentibus
1302 3693 1460 3744 intellectum
1473 3693 1490 3744 il
1505 3693 1534 3744 66
1553 3693 1580 3746 d.
1594 3695 1603 3744 1
1647 3723 1680 3732 -
1700 3699 1779 3760 prout
1795 3699 1835 3746 est
1852 3695 2012 3760 principium
2029 3693 2178 3746 distinctum
2192 3699 2280 3746 contra

300 3787 471 3852 productione
503 3787 641 3840 cuiuslibet
673 3793 746 3840 acius
784 3785 881 3852 proprii
916 3787 933 3838 il
974 3811 1007 3820 —
1027 3779 1125 3834 reducit
1151 3783 1306 3846 principium
1328 3783 1458 3834 inactum
1478 3783 1501 3834 V
1523 3783 1607 3834 tuna
1647 3789 1774 3846 naturam,
1792 3787 1833 3834 666
1849 3781 1984 3848 66666666,
2005 3795 2055 3848 qua
2074 3783 2168 3848 aliquis
2181 3781 2214 3832 de
2226 3793 2277 3832 non

300 3873 351 3926 606
371 3873 399 3926 3*
973 3899 1005 3932 -e
1026 3873 1063 3922 666
1078 3875 1158 3936 actus,
1171 3871 1316 3924 secundnm
1331 3883 1409 3936 quem
1423 3869 1523 3922 bonum
1537 3871 1607 3924 retie-
1646 3869 1915 3936 661666666661666,
1941 3871 1982 3922 vel
2012 3868 2181 3936 antecedens,
2211 3881 2279 3936 quae

352 3993 385 4030 ε
406 3967 522 4032 sequitur
542 3963 666 4016 iudicium
694 3965 799 4016 rationis
827 3975 877 4014 nou
908 3969 934 4016 ut
973 3961 1048 4014 ctiiur
1067 3971 1146 4022 supra
1166 3957 1606 4012 16666666661666666166180616
1646 3957 1777 4026 666666666
1793 3959 1914 4010 ellectum
1934 3959 2082 4014 causalitate
2099 3965 2125 4012 ct
2143 3957 2279 4010 duratione

300 4059 384 4106 aetum
405 4055 531 4118 alienum,
551 4053 598 4104 sed
616 4053 704 4116 ipsum
724 4053 800 4104 trabit
824 4051 858 4104 66
875 4063 934 4116 666·
1025 4047 1176 4100 -Bonum
1198 4047 1608 4114 esiralio,quarevolunlasest
1645 4045 1750 4120 iiidV
1772 4045 1856 4098 tt0b

300 4141 384 4204 prium
406 4143 423 4192 li
442 4141 494 4192 806
513 4137 544 4190 3*
560 4169 596 4178 -
616 4153 667 4192 666
682 4139 800 4206 sequitur
818 4149 934 4212 necessa·
972 4139 996 4188 in
1016 4143 1074 4188 actu
1095 4135 1160 4188 1161
1184 4137 1239 4190 (6.1
1698 4163 1732 4174 -·
1751 4141 1779 4188 ut
1796 4137 1954 4200 principium
1974 4133 2123 4188 distinctum
2143 4135 2167 4184 in
2188 4139 2277 4186 natura

299 4229 338 4282 616
357 4227 389 4280 66
409 4227 534 4282 66666666
553 4227 696 4280 consistens
721 4229 745 4278 in
775 4227 830 4278 solo
855 4225 935 4278 dicta·
1025 4251 1059 4264 -··
1078 4223 1162 4278 Causa
1179 4239 1228 4290 per
1253 4223 1361 4276 modum
1391 4223 1530 4276 voluntatis
1555 4237 1605 4276 non
1645 4237 1697 4276 nnn
1715 4223 1838 4276 assimilat
1855 4223 1881 4274 in
1895 4221 2036 4278 substantia
2049 4221 2217 4288 productum,
2231 4221 2277 4272 sed

299 4317 369 4370 mine
386 4319 493 4370 rationis
510 4315 582 4382 idid,
599 4313 839 4380 i*-inparten1,
855 4327 933 4380 qnam
972 4315 1044 4380 ponit
1061 4315 1181 4367 ellectum
1202 4315 1294 4378 staliru,
1314 4325 1374 4364 cum
1395 4319 1432 4364 est
1452 4313 1460 4364 i
1479 4311 1513 4362 66
1532 4311 1557 4364 6.
1574 4313 1605 4362 13
1645 4311 1781 4376 assimilat,
1799 4316 1886 4364 61666
1904 4311 2062 4378 principium
2088 4311 2277 4364 concomitante

299 4409 434 4470 praeoptat
452 4403 582 4470 voluntas,
602 4417 706 4470 semper
725 4403 878 4456 terminatur
891 4401 933 4454 da·
972 4429 1005 4440 -
1026 4401 1108 4456 Causa
1127 4401 1242 4454 officiens
1261 4413 1372 4466 operans
1387 4413 1433 4464 per
1445 4401 1605 4452 volunlatem
1644 4407 1734 4452 natura
1754 4401 1761 4452 l
1783 4399 1833 4452 196
1850 4395 1881 4452 2*

1100 5889 1470 5974 IMPRIMATUR

765 6187 925 6270 Datum
954 6183 1195 6270 Florentiae
1224 6187 1292 6268 die
1321 6187 1346 6268 8
1374 6183 1638 6292 Septembris
1666 6183 1782 6264 1901.
1880 6293 1881 6298 Ν

557 6483 951 6594 †ALPHONSUS
979 6481 1167 6566 MARIA
1195 6477 1602 6566 MISTRANGELO
1632 6479 2005 6586 Archiepisoopus.
2052 6513 2066 6570 ζ
