5792 8392
1118 615 1233 684 INDEX
1252 615 1410 692 TERTIUS

557 1321 622 1374 RAT
1919 1321 1979 1374 nst

258 1429 259 1432 ¹
325 1409 450 1464 erroass
468 1409 660 1460 -seminales
679 1413 746 1472 sunt,
765 1419 834 1474 quae
854 1413 914 1458 sunt
950 1409 1029 1460 444444
1049 1413 1087 1460 est
1106 1407 1215 1460 essentia
1235 1407 1334 1458 formae
1354 1407 1371 1458 ll
1392 1407 1442 1458 440
1463 1407 1479 1458 4
1499 1419 1588 1458 ᾖ44·
1624 1403 1797 1458 rationalibus
1823 1407 2016 1470 insplendentes
2039 1407 2263 1462 suntoxnnesilli

273 1499 355 1552 rebus
373 1497 486 1548 insertae
502 1497 519 1548 ll
541 1495 590 1548 438
611 1493 628 1548 4
647 1521 682 1534 -
700 1495 839 1548 seminales
854 1499 914 1548 sunt
950 1497 1053 1548 minalis
1071 1509 1123 1548 non
1143 1501 1182 1546 est
1200 1495 1288 1560 aliqua
1305 1509 1367 1560 pars
1379 1495 1479 1548 iormae
1492 1495 1588 1560 produ·
1625 1493 1707 1560 modi,
1730 1507 1779 1558 444
1796 1509 1863 1560 quos
1881 1507 1957 1548 mens
1975 1499 2109 1560 cognoscit
2128 1503 2154 1548 et
2165 1497 2265 1548 iudicat

273 1587 360 1638 solum
378 1589 481 1638 creatae
499 1583 515 1636 ll
538 1583 587 1636 436
608 1599 630 1636 a.
650 1583 700 1636 438
715 1583 734 1636 4
749 1611 785 1622 ·-
803 1585 913 1636 semina·
949 1583 1056 1650 candae,
1075 1585 1122 1636 sed
1141 1587 1302 1646 potestesse
1321 1583 1405 1636 torma
1424 1589 1449 1636 ct
1463 1583 1488 1636 iit
1503 1583 1587 1636 torma
1624 1581 1652 1634 id
1670 1582 1741 1648 quod
1762 1583 1836 1636 aliter
1852 1597 1909 1636 esse
1928 1599 1978 1638 non
2000 1591 2085 1650 potest
2103 1587 2124 1634 V
2147 1585 2196 1636 338
2217 1585 2231 1634 9

272 1675 305 1728 lis
322 1673 384 1726 dicit
402 1675 523 1726 virtutem
546 1671 766 1724 444444441433
787 1671 912 1722 43436
949 1673 969 1722 41
989 1671 1086 1726 issu.
1107 1671 1194 1724 3744
1217 1673 1380 1722 -Potentia
1402 1671 1602 1724 4444444044,
1676 1671 1823 1724 -Nullus
1851 1673 2063 1726 certitudinaliter
2091 1671 2187 1724 iudicat
2216 1685 2264 1736 444

271 1761 338 1814 b·-
352 1761 485 1816 seminalis
502 1765 603 1826 spectat
615 1759 645 1812 ad
664 1761 819 1826 principium
840 1773 912 1812 crea·
949 1773 1009 1814 seca
1029 1763 1134 1824 semini,
1157 1773 1267 1824 corpore
1286 1761 1428 1824 producte,
1456 1761 1543 1824 prodit
1560 1761 1586 1812 in
1623 1759 1725 1826 legem,
1744 1763 1793 1814 nisi
1812 1769 1900 1816 certus
1917 1763 1962 1828 sit,
1982 1761 2053 1828 quod
2075 1761 2113 1812 illa
2134 1761 2172 1812 lex
2192 1763 2262 1812 recta

272 1857 327 1902 tum
348 1851 367 1902 ll
386 1847 437 1902 436
455 1863 471 1900 4
949 1857 1038 1902 actum
1051 1853 1075 1902 et
1088 1849 1115 1902 tlt
1130 1849 1254 1912 44444444
1268 1849 1385 1912 corporis
1400 1849 1417 1900 ll
1430 1847 1482 1900 373
1495 1863 1520 1902 4.
1535 1849 1586 1902 373
1622 1851 1674 1912 est,
1696 1853 1722 1900 et
1739 1849 1809 1914 quod
1831 1851 1915 1916 ipsein
1935 1851 2050 1902 iudicare
2072 1863 2121 1902 non
2142 1847 2220 1902 debet
2238 1847 2259 1898 V

323 1937 509 1988 -seminalis
527 1935 589 1988 dicit
609 1935 728 2000 regulam
753 1935 911 2000 dirigentem
950 1935 980 1988 4*
1000 1937 1062 1992 Vide
1082 1935 1110 1990 V.
1122 1935 1228 1992 Formo
1246 1933 1290 1992 25
1307 1941 1334 1988 et
1355 1935 1384 1988 V.
1401 1935 1515 1992 Materte
1535 1935 1587 1996 27.
1622 1935 1674 1986 305
1694 1937 1711 1988 4
1730 1965 1764 1972 -
1784 1935 1872 1988 Nullus
1893 1937 1987 1990 iudicat
2007 1937 2262 2002 deregulisimmu-

271 2027 431 2092 principium
458 2031 573 2078 creatum
604 2027 627 2076 in
653 2037 700 2076 sua
723 2025 873 2088 operatione
891 2025 911 2076 ll
1001 2053 1037 2064 -
1061 2025 1193 2076 seminalis
1222 2025 1329 2076 alicuius
1358 2031 1396 2076 est
1423 2025 1486 2078 iliud
1514 2027 1585 2094 quod
1622 2025 1757 2088 labilibus,
1785 2025 1831 2076 sed
1856 2025 1977 2088 peritias
1997 2027 2019 2074 V
2039 2025 2136 2090 3039.
2156 2025 2205 2076 338
2226 2025 2259 2076 40
2357 2045 2358 2048 “

272 2115 323 2166 436
342 2115 362 2168 4
378 2139 416 2152 -
434 2113 583 2167 Secundum
598 2115 711 2166 rationes
724 2115 862 2166 seminales
874 2115 912 2166 di·
948 2117 1008 2166 ante
1029 2115 1177 2178 praeexistit
1195 2115 1221 2164 in
1241 2115 1362 2180 materia,
1388 2127 1468 2182 quaxn
1493 2117 1527 2170 sit
1544 2131 1587 2168 res
1622 2139 1658 2152 ·-
1676 2113 1736 2176 Len,
1758 2125 1808 2178 qua
1829 2111 1984 2174 iudicamus,
1997 2113 2222 2164 estiniudicabilis
2235 2113 2260 2164 V

272 2205 339 2256 citur
359 2205 414 2256 4444
430 2203 546 2268 effectus,
560 2201 593 2252 ad
608 2215 686 2268 44444
699 2207 817 2254 creatura
831 2201 911 2254 nabet
947 2203 1078 2268 compieta
1097 2205 1121 2254 in
1142 2209 1201 2254 actu
1223 2201 1310 2255 11440
1330 2203 1348 2256 4.
1366 2203 1382 2256 3
1403 2205 1587 2256 -seminalis
1623 2201 1657 2254 49
1675 2199 1692 2250 4.
1715 2201 1743 2250 48
1764 2227 1797 2238 -
1818 2199 1944 2250 iudicium
1964 2207 2063 2252 certum
2084 2213 2135 2250 non
2159 2199 2187 2252 04
2211 2203 2260 2252 nisi

272 2293 416 2356 potentiam
435 2291 548 2342 activam
565 2287 625 2344 ibid.
644 2289 831 2342 -seminalis
851 2289 912 2342 dici·
947 2305 1054 2356 semper
1071 2293 1143 2356 prior
1163 2295 1201 2342 est
1223 2291 1240 2343 ll
1259 2289 1309 2344 439
1330 2295 1348 2344 4.
1366 2293 1375 2344 4
1624 2303 1672 2354 444
1684 2289 1773 2354 legem
1787 2295 1883 2340 certam
1898 2287 2124 2340 etinindicabilem
2138 2289 2157 2340 V
2169 2289 2203 2340 33
2216 2289 2261 2340 43*

271 2385 321 2444 444,
341 2379 489 2432 secundum
501 2391 581 2444 quam
596 2383 686 2430 natura
700 2379 837 2430 consuevit
851 2391 911 2442 ope·
999 2407 1036 2420 -·-
1055 2379 1130 2446 Quod
1151 2385 1188 2432 est
1208 2395 1238 2432 ex
1256 2381 1345 2448 aliquo
1363 2385 1428 2436 sicut
1451 2397 1482 2436 ex
1506 2385 1587 2434 mate·
1675 2381 1789 2428 ——sunt
1807 2375 1961 2442 infallibilem,
1979 2375 2172 2442 indubitabiles,
2194 2379 2261 2430 iniu-

270 2467 429 2520 4444144443
443 2463 639 2532 3*-Ρ444444
653 2467 911 2534 144444444444444·
947 2469 1002 2520 riali
1022 2475 1048 2520 44
1066 2471 1153 2522 activo
1173 2469 1301 2534 principio
1319 2475 1359 2522 est
1382 2469 1529 2522 secundnm
1547 2481 1587 2520 ra·
1622 2463 1746 2518 dicabiles
1767 2467 1788 2520 V
1807 2465 1857 2518 338
1880 2465 1915 2524 40Ι
1936 2493 1973 2502 -
1995 2467 2080 2530 Leges
2105 2467 2178 2532 illae,
2211 2481 2259 2530 per

270 2555 492 2622 citurprocedere
504 2555 649 2610 secundum
662 2557 788 2610 rationem
801 2559 911 2610 semina·
947 2559 1045 2610 tionem
1072 2557 1224 2610 seminalem
1252 2559 1271 2610 ll
1300 2559 1351 2610 434
1377 2573 1434 2624 arg.
1459 2555 1474 2610 3
1493 2561 1599 2614 -est
1622 2567 1687 2620 quas
1707 2553 1853 2608 iudicamus
1865 2553 2076 2606 certitudinaliter
2090 2553 2121 2604 de
2135 2553 2259 2608 omnibus

271 2645 330 2712 lein,
349 2645 421 2712 quod
439 2647 491 2698 exit
507 2645 534 2696 in
554 2659 612 2698 esse
626 2645 772 2700 secundum
785 2647 909 2700 virtutem
947 2649 1077 2712 quaedam
1100 2649 1212 2712 potentia
1232 2649 1371 2712 spiritualis
1389 2649 1512 2700 materiae
1532 2659 1586 2698 cor·
1621 2641 1795 2708 sensibilibus,
1814 2649 1875 2696 sunt
1893 2641 2037 2694 intattibites
2054 2649 2081 2696 et
2099 2641 2258 2694 indubitabi-

269 2739 296 2786 et
314 2735 493 2800 operationem
512 2741 619 2788 naturae
632 2741 662 2788 ut
674 2739 774 2800 agentis
786 2743 811 2790 et
824 2735 909 2790 dantis
948 2737 1033 2800 porali
1053 2739 1166 2790 innitens
1182 2743 1208 2786 et
1227 2733 1260 2786 ab
1280 2749 1308 2788 ea
1329 2733 1493 2800 dependens,
1514 2739 1539 2786 et
1557 2733 1585 2786 lit
1621 2729 1658 2782 les
1677 2733 1812 2784 intellectui
1834 2731 2064 2798 apprehendentis,
2079 2731 2256 2796 indelebilesa

269 2825 384 2888 speciem
404 2829 429 2874 et
446 2823 647 2888 completionem
668 2823 768 2876 441894
784 2851 817 2862 -
830 2825 909 2876 semi-
945 2823 973 2874 44
992 2831 1050 2876 4444
1063 2837 1112 2888 444
1124 2823 1191 2876 illius
1206 2825 1445 2876 transmutationem
1459 2825 1476 2874 ll
1490 2823 1542 2874 373
1555 2821 1584 2874 3*
1620 2823 1745 2872 memoria
1766 2821 1902 2874 recolentis
1920 2825 2044 2886 tanquam
2064 2833 2169 2884 semper
2184 2833 2258 2884 prae-

271 2913 335 2964 nalis
356 2915 392 2964 est
406 2917 526 2976 respectu
541 2925 631 2964 eorum
645 2925 713 2978 quae
727 2913 909 2976 producuntur
998 2913 1078 2964 -tn
1099 2913 1197 2964 semine
1217 2917 1254 2964 est
1274 2913 1339 2964 ratio
1352 2913 1585 2964 seminalissecun·
1619 2913 1714 2974 sentes
1732 2908 1923 2974 irrefragabiles
1943 2915 1968 2962 et
1990 2907 2199 2962 indtiudicabiles
2221 2911 2257 2958 in·

269 3001 416 3052 secundum
435 3001 652 3064 propagationem
673 3003 779 3052 naturae
797 2997 831 3052 40.
852 2997 879 3050 3*
946 2999 1009 3052 dum
1031 2997 1176 3066 quamlibet
1193 3001 1249 3052 eius
1264 3005 1372 3064 parient,
1386 2999 1476 3050 saltem
1490 3001 1584 3050 torma·
1620 2997 1731 3048 retrectat
1750 2997 1888 3048 iudicantis
1907 2997 1928 3048 V
1950 2997 1998 3048 303
2021 2999 2034 3052 9
2053 3023 2088 3036 -
2107 2999 2145 3050 sic
2168 3003 2256 3050 certae

320 3085 505 3138 -seminalis
524 3091 570 3150 esi,
591 3101 606 3138 a
624 3099 678 3152 444
696 3087 908 3150 generatioinci·
945 3087 1012 3152 lem,
1032 3091 1152 3150 respectu
1172 3087 1228 3138 eius
1247 3087 1318 3152 quod
1338 3101 1368 3138 ex
1386 3101 1418 3140 eo
1436 3087 1584 3150 producen-
1619 3087 1692 3144 suni,
1715 3089 1740 3136 ut
1760 3083 1926 3136 nullomodo
1953 3087 1983 3136 sit
2012 3087 2049 3136 eis
2078 3087 2255 3138 contradicere

268 3177 307 3240 pit
326 3177 344 3228 ll
365 3175 535 3240 4394446.
555 3175 586 3226 lV
608 3175 658 3226 389
678 3189 692 3228 4
716 3201 750 3214 --
775 3175 907 3228 seminalis
945 3173 1009 3228 dum
1029 3181 1066 3228 est
1086 3175 1231 3228 secundum
1245 3175 1330 3240 legem
1346 3181 1451 3228 naturae
1465 3177 1491 3226 lll
1507 3177 1539 3226 89
1553 3173 1582 3226 3*
1618 3171 1719 3224 nisiod
1738 3173 1850 3224 exterius
1868 3175 1995 3224 rationem
2015 3173 2037 3224 V
2056 3173 2106 3224 338
2128 3175 2160 3226 40

267 3271 308 3318 est
330 3265 489 3330 operationis
512 3263 672 3328 principium
689 3263 706 3312 ll
731 3261 780 3314 440
800 3263 816 3314 4.
837 3263 853 3314 4
870 3291 906 3300 -
997 3289 1034 3300 -
1050 3277 1103 3316 444
1126 3267 1166 3314 est
1188 3261 1271 3312 iorma
1297 3263 1451 3316 universalis
1476 3265 1581 3330 proprie
1671 3285 1707 3298 -
1725 3267 1788 3312 suni
1802 3267 1897 3326 certae,
1918 3263 1978 3326 quia
1992 3261 2178 3312 radicanturtn
2197 3263 2255 3314 4444

268 3351 420 3404 Secundum
434 3353 546 3404 rationes
561 3351 697 3402 seminales
716 3351 857 3404 attenditur
868 3363 906 3402 re·
944 3357 970 3402 et
988 3351 1179 3416 metaphysica,
1202 3350 1245 3404 sed
1274 3351 1380 3416 physice
1400 3351 1416 3402 ll
1437 3351 1482 3404 444
1507 3365 1581 3418 asq.
1617 3353 1732 3414 aeterna,
1753 3363 1805 3400 non
1824 3351 1848 3402 in
1867 3349 1954 3414 aliqua
1973 3343 2031 3402 luce
2055 3356 2139 3402 creata
2159 3351 2181 3402 V
2202 3351 2252 3402 338

266 3453 324 3494 rum
340 3441 495 3506 propagatio
512 3447 540 3492 et
557 3441 690 3504 generatio
707 3441 728 3492 ll
747 3425 828 3492 4334.
843 3439 906 3492 6-
948 3437 1009 3492 Vitio
1034 3438 1061 3492 V.
1082 3437 1183 3492 Forata
1203 3435 1248 3492 44.
1619 3435 1653 3488 40
1670 3465 1706 3476 -
1724 3435 1868 3490 infallibiles
1891 3437 1988 3490 ducunt
2012 3439 2036 3488 in
2063 3439 2148 3490 lucem
2171 3445 2253 3490 aeter·

266 3531 404 3582 seminales
418 3543 468 3582 non
483 3533 592 3594 possunt
605 3543 661 3582 esse
675 3529 698 3578 in
714 3531 828 3594 materia,
843 3531 905 3594 quin
996 3527 1182 3580 -seminalis
1200 3527 1278 3580 valde
1296 3533 1395 3580 remota
1414 3535 1452 3580 est
1471 3527 1503 3580 ab
1522 3536 1580 3582 actu
1615 3537 1676 3576 nam
1697 3523 1758 3578 t'bc'd.

266 3621 300 3672 sit
317 3621 342 3670 in
363 3631 390 3672 ea
413 3619 546 3684 generatio
563 3622 589 3670 et
608 3617 745 3684 productio
761 3617 786 3670 V
804 3617 858 3670 334
870 3617 904 3668 30
943 3617 1073 3680 complete
1094 3629 1141 3670 nec
1161 3621 1243 3680 potest
1262 3617 1295 3668 ad
1313 3625 1401 3668 actum
1423 3617 1512 3670 reduci
1532 3617 1580 3668 nisi
1669 3641 1705 3654 -
1724 3619 1783 3666 sont
1796 3615 2031 3680 incommutabiles,
2046 3615 2251 3682 incoarctobiles,

265 3707 383 3774 —Quae
396 3705 544 3758 secundum
556 3717 664 3758 causam
676 3707 828 3758 seminalem
842 3705 906 3758 liunt
942 3719 991 3768 per
1009 3705 1171 3758 influentiam
1189 3707 1401 3756 convenientium
1419 3707 1580 3760 innaturali
1616 3703 1820 3756 interminabiles
1840 3705 1858 3756 V
1880 3703 1929 3754 338
1952 3703 1983 3754 40
2002 3731 2037 3740 -
2064 3703 2172 3756 Necesse
2199 3711 2250 3770 est,

267 3795 388 3850 dicontur
409 3795 558 3846 naturaiiter
580 3795 636 3848 4444
663 3795 681 3846 tt
707 3793 758 3846 433
783 3795 801 3846 t.
829 3795 840 3846 t
868 3819 906 3832 -
943 3795 994 3846 303
1015 3793 1051 3848 34
1071 3795 1123 3846 343
1144 3791 1173 3846 3*
1194 3791 1256 3846 Vide
1281 3793 1308 3846 V.
1327 3795 1428 3848 Formo
1448 3791 1498 3852 33.
1617 3791 2254 3858 14444,44444444444444444444444444·

267 3885 339 3950 Quae
360 3883 542 3950 producuntur
560 3899 572 3936 a
594 3891 685 3936 natura
701 3883 849 3936 secuudum
866 3897 904 3934 ra·
996 3911 1032 3920 -κ
1043 3881 1175 3936 seminalis
1188 3895 1238 3934 non
1252 3887 1337 3934 estex
1346 3883 1432 3950 aliquo
1444 3883 1580 3948 producta,
1617 3879 1709 3934 labiles
1727 3887 1752 3932 et
1772 3879 1980 3944 incorruptibiles
1999 3885 2124 3948 tanquam
2139 3895 2257 3934 necessa,

267 3973 351 4026 tiones
363 3973 500 4026 seminales
516 3969 698 4036 producuntur
711 3971 730 4024 ll
744 3969 827 4024 4984
847 3969 906 4024 44444
942 3969 990 4024 sed
1008 3975 1132 4024 materiae
1152 3977 1288 4024 concreata
1306 3971 1326 4022 ll
1346 3969 1397 4022 373
1417 3969 1444 4022 t*
1457 3997 1491 4010 -
1503 3973 1581 4024 serni-
1616 3969 1680 4034 rias,
1701 3969 1896 4022 incoarctabiles
1914 3975 2037 4036 tanquam
2063 3969 2254 4022 incircumscri-

269 4059 300 4114 V.
320 4061 437 4116 Natura.
941 4059 1014 4110 nales
1033 4073 1083 4110 non
1104 4063 1165 4110 sunt
1180 4071 1212 4110 cx
1231 4059 1294 4124 aliis,
1307 4059 1400 4112 sedex
1412 4060 1497 4126 nihilo,
1512 4065 1580 4112 etex
1618 4063 1689 4122 pias,
1710 4059 1911 4110 interminabiles
1929 4065 2052 4122 tanquam
2073 4065 2202 4124 aeternas,
2222 4071 2253 4110 ac

318 4177 354 4188 -
372 4149 503 4200 seminalis
522 4149 583 4200 dicit
603 4149 657 4200 vim
671 4149 783 4200 activam
797 4151 905 4200 naturae
941 4149 1005 4212 ipsis
1023 4149 1088 4200 finnt
1102 4149 1207 4212 omnia,
1227 4161 1294 4212 qrrae
1312 4149 1462 4200 naturaliter
1484 4149 1580 4212 produ·
1618 4159 1665 4210 per
1684 4147 1734 4198 boc
1746 4145 1917 4198 indivisibiles
1931 4149 2053 4210 tanquam
2069 4145 2253 4198 intellectuales

264 4239 283 4290 ll
305 4237 429 4302 assare.
448 4235 474 4290 4.
498 4235 587 4290 isat.
607 4237 630 4288 3.
651 4235 701 4288 440
723 4251 744 4288 4.
763 4235 815 4290 738
836 4235 905 4288 b.V
941 4237 1078 4288 44444444
1109 4233 1161 4288 307
1179 4233 1239 4284 (4.3
1263 4263 1298 4272 -
1322 4235 1460 4288 seminales
1483 4249 1498 4288 a
1525 4235 1579 4290 solo
1616 4241 1643 4286 et
1660 4235 1911 4300 incorporeas,non
1931 4233 2024 4298 lactas,
2042 4233 2090 4286 sed
2108 4235 2249 4300 increatas,

266 4325 316 4378 330
338 4327 371 4378 40
389 4325 575 4378 -seminalis
595 4329 631 4378 est
659 4327 771 4388 potentia
797 4337 906 4376 conver·
940 4323 995 4374 Deo
1014 4323 1197 4386 producuntur
1215 4321 1322 4388 44444.,4
1424 4365 1430 4376 .
1616 4323 1778 4374 aeternaliter
1805 4323 1943 4374 existentes
1968 4323 1994 4372 in
2024 4329 2078 4374 arte
2104 4321 2250 4374 aeternaV

266 4413 334 4466 tendi
356 4413 387 4464 ad
407 4425 435 4466 se
453 4415 530 4464 aliam
551 4417 670 4464 naturam
688 4413 768 4464 14734
788 4425 903 4464 a-se·
993 4437 1029 4450 -
1047 4411 1184 4462 seminales
1210 4411 1327 4462 omnium
1352 4411 1494 4476 productae
1520 4419 1578 4464 sunt
1616 4409 1667 4460 303
1687 4411 1756 4462 9-
1775 4407 2063 4476 suntincoarctabiles,
2082 4411 2143 4476 qtria
2162 4411 2251 4462 menti·

263 4491 905 4566 min'alisestiormamultiplicabilis,quaepotest
940 4499 967 4550 in
986 4499 1113 4564 principio
1133 4503 1160 4550 et
1178 4483 1239 4550 sunt
1257 4499 1290 4550 de
1309 4501 1431 4560 primaria
1459 4501 1578 4552 constitu·
1614 4497 1665 4550 bus
1683 4499 1800 4550 omnium
1821 4497 1977 4550 seoileruni
1995 4497 2020 4548 V
2039 4497 2089 4548 338
2110 4499 2143 4548 40

263 4589 313 4642 4444
333 4587 444 4642 similem
465 4587 839 4640 inducereinmateriamsibi
857 4601 903 4652 ap·
940 4589 1008 4640 tione
1042 4589 1157 4640 universi
1184 4587 1204 4638 ll
1235 4587 1287 4638 387
1313 4585 1344 4638 3*
1370 4615 1404 4626 -
1434 4587 1575 4638 Seminaria
1603 4647 1604 4650 Ἰ
1668 4587 1778 4640 Rsnxrxo
1796 4587 1911 4638 —dicit
1929 4585 2046 4638 ordinem
2074 4591 2097 4638 et
2123 4585 2250 4640 habitudi-

263 4679 375 4742 positam
394 4677 414 4728 ll
432 4677 486 4728 733
503 4675 534 4728 3*
938 4677 1058 4728 omnium
1077 4673 1206 4740 producta
1226 4677 1330 4728 suntin
1349 4677 1439 4740 primis
1452 4675 1578 4742 operibus
1613 4689 1672 4728 nem
1694 4677 1701 4728 l
1722 4675 1773 4728 433
1791 4673 1831 4728 3*.
1848 4675 1900 4748 373
1918 4671 1949 4724 3*
1966 4703 2001 4712 -
2021 4677 2142 4740 importat
2159 4689 2250 4740 respe-

317 4793 353 4806 -
371 4767 508 4818 seminales
528 4771 552 4818 et
565 4767 694 4818 naturales
708 4769 768 4818 sunt
781 4763 852 4818 idem
864 4779 902 4830 re,
939 4765 963 4816 V
983 4766 1035 4818 330
1053 4763 1080 4816 4.
1101 4765 1147 4816 334
1171 4763 1186 4814 7
1613 4771 1684 4816 ctum
1704 4771 1729 4816 et
1746 4763 1863 4818 ordinem
1885 4765 1893 4814 l
1914 4763 1922 4812 4
1930 4763 1964 4816 83
1982 4763 2001 4814 4.
2021 4765 2035 4816 3
2054 4791 2089 4802 -
2108 4763 2169 4816 dicit
2193 4777 2249 4816 mo·

263 4855 365 4908 ratione
381 4865 445 4906 vero
464 4853 586 4904 dillerunt
605 4853 622 4906 ll
644 4851 693 4904 436
714 4851 740 4904 b.
760 4851 810 4902 438
831 4851 902 4904 4-
993 4853 1183 4906 —seminales
1203 4853 1429 4906 totiussalvaniur
1448 4857 1474 4904 in
1497 4853 1578 4918 parii-
1612 4851 1676 4904 dum
1697 4851 1798 4904 essendi
1817 4851 1992 4916 respectivum
2014 4851 2035 4902 V
2054 4851 2088 4902 76
2107 4867 2122 4904 4
2142 4881 2176 4890 -
2195 4867 2247 4906 non

263 4943 400 4994 seminales
426 4947 486 4994 sunt
508 4941 608 4994 formae
624 4941 754 4992 naturales
774 4941 792 4992 ll
812 4939 864 4992 436
883 4941 901 4992 b
937 4941 998 5010 bus,
1020 4945 1041 4994 si
1060 4941 1088 4994 iit
1106 4941 1229 4994 resolutio
1247 4941 1282 4994 lV
1300 4941 1389 4994 0444
1613 4941 1746 5004 praedicat
1766 4941 1829 5008 qnid
1847 4941 2006 5006 absolutum,
2019 4941 2067 4992 sed
2082 4941 2201 4992 ordinem
2214 4941 2248 4992 ad

262 5055 299 5070 ····
315 5031 446 5082 seminalis
465 5031 570 5094 respicit
596 5031 788 5082 inchoationem
812 5035 840 5080 et
858 5031 903 5090 in·
992 5059 1027 5068 -
1046 5031 1170 5084 naturalis
1187 5029 1335 5096 attenditur,
1355 5031 1379 5082 in
1401 5035 1527 5098 quantum
1540 5031 1577 5082 di·
1601 5031 1723 5102 alterum
1742 5033 1751 5082 l
1771 5031 1821 5082 333
1841 5031 1866 5082 d.
1886 5029 1901 5080 3
1919 5055 1955 5068 -·
1973 5019 2049 5094 Quod
2076 5031 2181 5094 respicit
2207 5031 2248 5082 ali·

263 5119 402 5172 trinsecam
422 5119 553 5182 virtutem,
572 5131 640 5184 quae
662 5121 749 5170 movet
767 5121 793 5170 ct
810 5129 902 5180 opera·
938 5121 998 5184 rigit
1016 5119 1162 5184 potentiam
1181 5123 1303 5184 naturae,
1325 5125 1354 5172 ut
1371 5117 1407 5172 ab
1424 5121 1514 5186 aliquo
1532 5119 1583 5172 ilat·
1612 5117 1675 5184 quid
1695 5119 1721 5170 in
1738 5119 1861 5170 relatione
1881 5115 1914 5168 ad
1933 5117 2003 5168 aliud
2018 5129 2069 5168 non
2083 5121 2120 5170 est
2133 5131 2247 5184 necesse,

262 5211 306 5260 tur
322 5207 357 5260 ad
368 5205 477 5258 effectus
489 5205 688 5272 productionem
701 5205 764 5260 4444.
775 5235 810 5244 -
822 5205 901 5256 semi·
937 5207 1037 5274 aliquid
1053 5207 1072 5258 ll
1094 5207 1144 5258 436
1160 5205 1224 5256 b-
1236 5207 1359 5260 naturalis
1373 5209 1506 5260 concernit
1518 5221 1576 5272 pro·
1612 5205 1684 5274 quod
1704 5211 1783 5272 ponat
1800 5209 1867 5260 circa
1882 5207 1968 5270 ipsum
1983 5205 2081 5274 aliquid
2096 5205 2247 5258 absolutum

264 5295 330 5346 nalis
349 5295 495 5360 attenditur,
515 5295 686 5360 inquantum
706 5295 795 5358 dirigit
812 5301 903 5358 poten·
938 5295 1057 5348 ducentis
1076 5295 1110 5348 ad
1128 5295 1289 5358 productum
1314 5295 1525 5348 assimilationem
1550 5303 1576 5350 et
1612 5295 1620 5346 l
1642 5295 1692 5346 473
1713 5293 1739 5346 4*

263 5383 324 5436 tiam
345 5387 460 5448 naturae,
478 5387 504 5434 ut
518 5397 549 5436 ex
567 5383 655 5448 aliquo
669 5383 714 5434 flat
726 5379 822 5448 aliquid
839 5379 900 5434 ibid.
938 5385 1011 5436 modi
1031 5385 1125 5450 agendi
1146 5385 1341 5436 assuetudinem
1360 5381 1422 5438 4444.
1664 5409 1701 5422 -
1720 5385 1826 5448 4444444
1852 5385 1957 5450 dicitur,
1976 5385 2003 5434 in
2030 5387 2156 5448 quantum
2186 5383 2249 5436 dicit

315 5499 352 5512 --
370 5471 723 5538 seminalisnondicitquid
741 5469 900 5534 absolutum,
991 5475 1070 5526 -in
1092 5475 1288 5538 comparatione
1312 5469 1510 5526 ad'materiam
1538 5473 1577 5526 di·
1612 5471 1791 5524 habitudinem
1817 5473 1849 5524 ad
1867 5471 1977 5524 alterurn
1997 5473 2006 5522 l
2026 5469 2077 5522 460
2095 5471 2113 5522 4
2132 5499 2166 5508 -
2186 5471 2247 5524 dicit

263 5559 310 5614 sed
328 5557 392 5626 quid
411 5561 586 5622 respectivum
605 5559 635 5610 lll
657 5559 687 5610 89
703 5557 733 5610 3*
745 5587 780 5596 -
792 5559 900 5610 semine·
938 5567 1033 5614 cuntur
1051 5561 1173 5614 formales
1190 5561 1215 5614 V
1235 5563 1281 5612 334
1304 5559 1320 5610 4
1366 5575 1368 5580 ·
1615 5559 1733 5610 ordinem
1754 5563 1779 5612 et
1797 5559 1975 5612 habitudinem
1994 5559 2028 5612 ad
2040 5559 2112 5626 illud,
2126 5565 2246 5624 respectu

262 5649 294 5700 lis
312 5647 373 5702 dicit
390 5651 541 5712 respectum
559 5649 616 5700 eius
636 5635 899 5714 quod'propegatvr,
990 5675 1028 5688 -
1048 5649 1110 5704 Vide
1127 5649 1158 5702 V.
1169 5649 1320 5704 intellectus
1335 5647 1575 5704 l7.-Rationale
1612 5649 1686 5700 cuius
1708 5647 1799 5700 dicitur
1820 5647 1893 5700 4335
1906 5649 1921 5696 4.
1937 5645 2094 5700 4-04444
2107 5649 2245 5702 relativam

263 5733 391 5798 4441444,
413 5733 445 5786 de
464 5747 519 5800 quo
538 5735 691 5798 producitur
710 5733 771 5786 4444.
936 5739 1040 5790 animae
1058 5739 1166 5802 proprie
1183 5742 1223 5790 est
1241 5739 1373 5802 rationale,
1389 5739 1575 5808 4444444444-
1613 5735 1710 5790 dicitur
1727 5739 1847 5800 respectu
1867 5735 1974 5788 alicuius
1993 5735 2022 5788 lll
2042 5735 2093 5788 470
2112 5751 2168 5802 arg.
2182 5739 2199 5790 3
2211 5763 2246 5776 -

314 5849 351 5862 ·-
368 5823 499 5874 seminalis
527 5823 621 5874 dicitur
646 5823 767 5898 proprie,
793 5821 899 5888 quando
936 5825 987 5888 geli
1014 5829 1053 5876 est
1077 5825 1247 5878 intellectuale
1270 5827 1288 5876 ll
1308 5825 1342 5876 48
1361 5823 1391 5878 3*
1408 5851 1443 5864 --
1463 5827 1575 5880 bominis
1610 5825 1683 5890 Quae
1709 5823 1830 5876 dicuntur
1847 5823 1882 5876 ad
1901 5823 1998 5890 aliquid
2018 5823 2247 5878 dicuntursecun·

261 5911 898 5978 potentianatrxraeestpropinquaetsumciens
935 5913 1070 5976 etAngcli
1091 5917 1129 5964 est
1149 5913 1197 5964 alia
1217 5921 1241 5966 et
1260 5913 1323 5976 alia,
1344 5927 1395 5964 non
1415 5919 1515 5966 tanturn
1534 5929 1575 5982 se·
1611 5913 1674 5964 dunt
1694 5913 1844 5964 relationem
1864 5913 1872 5962 l
1893 5909 2244 5978 397443984-44444

261 6003 351 6052 nxinus
368 5997 484 6064 proprie,
502 5997 609 6062 quando
621 6005 662 6050 est
673 6003 772 6050 remota
786 5999 803 6050 ll
818 5997 897 6052 4374
935 6001 1052 6052 cundum
1066 5999 1196 6066 accidens,
1210 6001 1255 6054 sed
1269 6003 1347 6054 etiam
1358 6001 1503 6054 secundum
1518 6015 1574 6068 spe·
1610 6001 1706 6054 dicitur
1723 6001 1757 6052 ad
1775 6001 1847 6054 aliud
1867 6001 1961 6054 dicitur
1978 6003 2085 6056 relative
2104 6003 2112 6052 l
2133 6001 2184 6054 496
2198 6003 2243 6054 43

260 6083 392 6152 —Quod
413 6085 438 6138 iit
458 6085 604 6138 secundum
623 6087 765 6148 potentiam
792 6089 901 6138 naturae¹
934 6089 1001 6140 ciem
1022 6093 1046 6140 et
1064 6089 1203 6140 essentiam
1223 6087 1284 6144 ibid.
1338 6157 1340 6162 ι
1608 6117 1645 6130 -
1663 6089 1807 6142 secundum
1829 6089 1899 6156 quod
1918 6089 2069 6144 huiusmodi
2087 6089 2244 6142 adalterum

262 6177 288 6228 in
308 6175 480 6240 dispositione
503 6177 604 6226 remota
628 6177 748 6238 respectu
778 6175 897 6240 ciectus,
987 6205 1023 6216 ·-
1042 6177 1175 6230 Rationale
1194 6179 1220 6230 in
1243 6179 1336 6244 spiritu
1361 6189 1428 6242 puro
1454 6185 1491 6230 est
1517 6181 1572 6232 sine
1609 6179 1672 6232 esti
1695 6177 1744 6232 499
1766 6179 1782 6228 4.
1800 6179 1816 6230 3
1836 6207 1870 6218 -
1890 6177 1952 6230 dicit
1973 6179 2196 6242 comparationem
2215 6185 2244 6232 ut

260 6259 435 6316 mediantibus
454 6263 516 6326 illis,
536 6261 568 6314 ad
589 6275 657 6330 qnae
676 6259 753 6314 nabet
779 6261 896 6316 ordinem
934 6263 1049 6318 sensibili
1075 6271 1101 6318 et
1125 6267 1268 6330 vegetabili
1292 6267 1310 6318 ll
1338 6265 1368 6318 43
1397 6263 1424 6318 4*
1455 6261 1515 6320 Vide
1542 6267 1570 6320 V.
1608 6267 1643 6318 ad
1661 6267 1770 6334 alterum
1789 6267 1814 6318 V
1832 6267 1865 6320 78
1888 6265 1932 6318 44*
1951 6267 2181 6320 -llelntivorum
2205 6273 2244 6320 est

260 6351 456 6418 immediatum,
476 6357 560 6416 potest
588 6353 638 6404 dici
668 6351 723 6402 lieri
749 6351 897 6404 secundum
933 6351 1034 6408 Aniena
1052 6351 1098 6420 to,
1119 6351 1167 6408 ts.
1607 6355 1729 6408 adalind
1750 6357 1941 6408 sebaberelll
1961 6357 2120 6420 neserga

260 6443 387 6492 rationem
408 6441 558 6492 seminalem
577 6439 639 6494 itte.
659 6467 693 6480 -
712 6441 785 6504 large
803 6441 897 6506 accipi·
986 6445 1089 6496 Reeunx
1109 6471 1143 6486 -
1163 6443 1270 6508 lleguiis
1289 6459 1368 6510 supra
1394 6453 1506 6498 mentem
1528 6459 1572 6498 no·
1661 6471 1697 6484 -
1715 6445 1830 6498 ttetative
1848 6445 1970 6498 dicuntur
1989 6459 2057 6510 quae
2081 6447 2131 6498 boc
2154 6447 2242 6510 ipsura

260 6533 303 6582 tur
314 6543 363 6594 pro
375 6541 544 6594 quacumque
557 6531 669 6594 potentie
680 6531 762 6582 activa
774 6529 897 6582 existente
933 6537 1015 6584 stram
1043 6529 1288 6584 incommutabiliter
1313 6531 1477 6584 manentibus
1498 6541 1571 6588 ‘recte
1609 6531 1680 6600 qnod
1694 6539 1767 6600 sunt,
1779 6533 1889 6586 aliorum
1908 6539 1968 6586 sunt
1985 6533 2059 6584 1333
2075 6533 2100 6586 d.
2115 6535 2124 6584 4
2142 6561 2177 6570 -
2191 6547 2241 6584 444

260 6617 286 6668 44
305 6617 413 6670 materia
431 6613 493 6670 40444.
807 6675 808 6678 ,
932 6621 1032 6686 aliquid
1050 6619 1232 6686 approbamus
1250 6621 1291 6672 vel
1304 6621 1486 6684 improbamus
1499 6621 1524 6674 V
1537 6621 1570 6674 47
1607 6621 1788 6674 videturesse
1806 6625 1831 6674 in
1850 6621 1993 6674 substantia
2019 6635 2067 6674 nec
2090 6621 2241 6688 praedicare

311 6705 502 6758 *seminales
523 6711 582 6758 sunt
607 6707 718 6758 essentia
742 6709 796 6774 rei,
823 6707 896 6760 aliter
933 6709 951 6760 i.
971 6709 985 6760 6
1007 6737 1041 6744 -
1061 6709 1153 6762 04444
1166 6711 1287 6774 superior
1304 6723 1353 6774 444
1364 6715 1482 6762 aeternas
1494 6723 1581 6776 regu.
1607 6711 1706 6778 aliquid
1724 6711 1750 6762 in
1769 6711 1902 6774 subiecto,
1922 6711 1969 6762 sed
1987 6709 2075 6762 dicere
2092 6715 2241 6774 respectum

260 6805 289 6844 se
307 6793 414 6860 babens,
434 6807 495 6846 curn
513 6795 597 6846 estin
616 6797 738 6860 potentia,
751 6801 777 6848 et
792 6797 816 6846 in
837 6801 895 6848 actu
934 6797 973 6848 las
990 6797 1121 6864 quidquid
1142 6797 1230 6850 definit
1248 6797 1460 6852 certitudinaliter
1475 6799 1571 6852 iudicat
1607 6801 1641 6852 ad
1659 6801 1729 6852 aliud
1749 6801 1757 6852 l
1776 6799 1827 6852 373
1847 6801 1863 6852 4
1883 6825 1917 6838 ·-
1931 6799 2052 6852 dicuntur
2064 6813 2122 6850 esse
2135 6801 2160 6850 in
2172 6813 2241 6850 com·

259 6879 279 6930 ll
298 6881 350 6934 307
367 6879 392 6936 d.
414 6881 429 6932 4
447 6881 614 6936 -Potentia
634 6885 718 6936 activa
740 6885 820 6936 indita
841 6897 895 6936 ma·
932 6891 959 6938 et
977 6885 1065 6938 delinit
1086 6889 1107 6940 V
1127 6885 1161 6938 34
1175 6901 1190 6938 a
1203 6913 1237 6924 -
1250 6885 1425 6942 immutabiles
1438 6887 1569 6942 mentibus
1606 6891 1754 6954 paratione,
1773 6901 1824 6940 non
1843 6887 1904 6954 quia
1925 6899 1977 6938 non
2003 6887 2052 6938 sint
2077 6887 2101 6936 in
2126 6899 2168 6950 44,
2195 6885 2241 6938 sed
