5816 8400
326 611 390 676 266
1169 607 1284 672 INDEX
1307 607 1464 674 TERTIUS

614 693 681 746 nov
1962 699 2030 750 tlUT

380 781 504 834 -idem
525 781 550 832 22
563 783 667 834 instanti
681 793 733 832 non
746 785 829 844 potest
842 795 900 832 esse
914 793 969 832 ma·
1057 783 1193 834 —itiotor
1212 787 1251 834 est
1270 783 1294 832 in
1313 781 1404 832 mobili
1423 795 1472 846 222
1483 783 1587 834 virtutis
1604 783 1644 832 ie·
1677 783 1750 848 quod
1771 785 1859 850 incipit
1878 799 1935 838 esse
1964 785 2163 852 aliquid,quod
2192 799 2241 838 non
2262 791 2318 838 crat

331 875 372 936 gis
389 877 417 922 et
442 871 530 922 minus
557 871 674 922 intensus
698 869 732 920 tv
750 867 803 922 395
821 883 876 934 arg.
900 869 910 918 2
931 893 969 906 -
1005 871 1166 922 fluentiam]
1184 869 1270 922 6292
1295 867 1356 922 Vide
1376 869 1409 920 V.
1424 867 1554 922 Proicotr'o
1567 871 1593 918 in
1606 871 1643 920 tn·
1679 871 1995 936 prius,estnruvabtte1
2016 873 2061 926 522
2087 887 2142 938 arg.
2162 871 2316 938 t-qnon

327 959 400 1012 Unus
421 957 969 1020 secuudumeandempartemnonpotest
1005 957 1062 1012 dice
1082 973 1171 1024 gener.
1188 985 1226 998 ·-
1244 959 1326 1010 222222
1340 959 1432 1018 222222
1445 955 1535 1010 mobili
1553 967 1646 1008 secun·
1679 959 1852 1012 introducitur
1871 961 1905 1012 de
1923 975 1974 1014 nee
1993 975 2051 1014 esse
2070 963 2095 1014 ie
2123 973 2181 1012 esse
2201 965 2317 1012 mutatur

326 1061 384 1100 esse
403 1049 490 1112 primo
506 1047 584 1100 velox
612 1053 636 1098 et
660 1051 748 1110 postea
768 1045 859 1098 tardus
877 1045 895 1096 li
916 1043 963 1096 922
1004 1047 1068 1098 dum
1089 1049 1215 1098 virtutem
1234 1047 1251 1100 tl
1273 1045 1322 1098 329
1343 1045 1371 1096 2*
1681 1045 1704 1096 V
1722 1045 1755 1096 27
1775 1059 1831 1110 arg.
1850 1049 1864 1100 3
1881 1051 2022 1116 -Omne‚
2041 1049 2113 1116 quod
2133 1051 2184 1102 2222
2202 1051 2226 1098 22
2246 1063 2313 1114 2222,

329 1133 366 1186 2*.
383 1135 419 1186 lV
437 1135 489 1186 339
507 1147 564 1200 arg.
585 1135 602 1186 2
1057 1135 1192 1186 -Unius
1214 1135 1316 1188 mobilis
1336 1139 1419 1198 potest
1437 1147 1494 1186 essa
1508 1133 1643 1198 multiplex
1678 1135 1730 1184 exit
1748 1147 1795 1198 per
1815 1141 1914 1186 neotum
1934 1137 1975 1188 voi
1995 1141 2164 1192 mutationem
2178 1137 2199 1188 li
2213 1137 2244 1186 29
2259 1151 2315 1202 arg.

380 1218 966 1286 —Divcrsitasmotuumincorporesubtiii
1004 1223 1643 1290 2222222222222222222221222222222222222
1681 1221 1706 1286 2,
1725 1221 1739 1270 2
1760 1247 1793 1258 -
1814 1223 1937 1276 liutatnm
1957 1237 2014 1276 esse
2032 1233 2072 1278 est
2090 1227 2211 1292 superius
2228 1223 2265 1276 ad
2282 1225 2317 1276 la·

327 1309 399 1362 2220
413 1315 512 1362 motem
534 1309 613 1362 habili
626 1323 677 1360 non
690 1309 753 1360 tollit
773 1309 968 1362 continuitatem
1004 1311 1023 1362 tt
1042 1313 1095 1364 225
1111 1309 1143 1362 3*
1678 1317 1748 1360 ctum
1769 1323 1826 1362 esse
1845 1311 1869 1360 tlt
1893 1311 1943 1362 272
1961 1327 2018 1376 arg.
2038 1313 2047 1364 2
2078 1315 2140 1368 Vide
2161 1315 2191 1366 V.
2204 1311 2277 1368 Fieri
2288 1315 2314 1364 22

326 1397 346 1450 il
360 1399 411 1450 352
430 1413 453 1460 2,
474 1395 678 1450 2*-22ο22222
692 1395 822 1450 distinctio
836 1395 889 1448 sola
910 1395 970 1444 iacit
1058 1429 1095 1440 -
1112 1399 1218 1450 Movere
1242 1399 1355 1452 debetur
1382 1399 1554 1462 substantiae,
1574 1409 1642 1462 quae
1678 1397 1764 1448 indice
1783 1411 1870 1462 gener.
1892 1427 1923 1436 -
1945 1399 2021 1466 Quod
2048 1401 2084 1456 de
2107 1417 2157 1456 non
2179 1409 2316 1468 praesente

326 1487 503 1540 diversitatem
523 1483 966 1550 2222222222222222222002222
1002 1495 1043 1542 222
1060 1491 1110 1540 hoc
1135 1489 1234 1552 aliquid
1253 1489 1287 1540 iV
1314 1485 1365 1538 273
1386 1501 1441 1552 arg.
1464 1488 1473 1537 2
1495 1513 1532 1524 -
1550 1485 1641 1550 itiotor,
1678 1483 1707 1534 22
1726 1477 1850 1548 praesens
1873 1493 1988 1540 mutatur
2014 1489 2034 1540 V
2054 1489 2099 1540 202
2124 1489 2153 1540 *2*
2177 1519 2213 1528 -
2237 1489 2314 1554 Quod

326 1573 362 1630 20.
380 1573 409 1626 2*
1003 1579 1049 1644 qui
1068 1582 1107 1630 est
1125 1591 1206 1630 causa
1226 1577 1357 1628 sutiiciens
1375 1581 1401 1628 22
1419 1581 1471 1628 tota
1489 1587 1568 1626 causa
1588 1585 1642 1624 mo·
1676 1573 1769 1638 incipit
1794 1587 1852 1628 esse
1876 1579 1901 1628 in
1929 1577 2031 1642 aliquo,
2050 1579 2083 1630 ita
2111 1579 2184 1644 qnod
2204 1577 2237 1630 ab
2258 1579 2314 1644 ipso

379 1691 416 1714 .-
434 1663 458 1714 22
481 1663 506 1714 20
526 1663 598 1728 qnod
617 1669 657 1714 est
675 1661 820 1714 secundnm
836 1665 965 1724 naturam,
1004 1673 1053 1732 tus,
1072 1671 1111 1718 cst
1129 1665 1179 1718 boc
1198 1663 1296 1732 aliquid
1314 1671 1341 1716 et
1353 1663 1497 1716 substantia
1510 1663 1640 1726 compieta
1676 1663 1765 1728 aliquo
1784 1665 1862 1718 modo
1882 1665 2014 1732 dependet
2030 1671 2055 1718 et
2075 1679 2122 1732 per
2141 1667 2203 1718 illud
2216 1673 2316 1718 contra·

328 1757 368 1804 est
384 1751 485 1804 22222222
501 1763 582 1816 quam
611 1751 653 1802 iiie
677 1753 723 1816 qni
742 1751 825 1804 22222
845 1749 872 1802 20
892 1747 965 1816 quod
1002 1753 1133 1806 distensa
1165 1753 1265 1818 mobili,
1283 1765 1334 1804 non
1360 1765 1425 1804 vero
1454 1753 1494 1804 tlte
1523 1753 1639 1816 quinon
1676 1753 1756 1818 uitur,
1779 1759 1893 1808 mutarier
1910 1769 1941 1806 ex
1961 1755 2001 1806 itta
2021 1755 2166 1820 inceptione
2184 1753 2218 1808 a'b.
2240 1751 2268 1804 0*

327 1845 488 1904 2222222222
505 1846 634 1904 naturam,
658 1839 678 1890 22
702 1837 745 1890 2222
763 1843 851 1890 motus
868 1843 908 1888 est
925 1849 968 1888 se·
1002 1847 1094 1896 movet
1111 1843 1160 1892 nisi
1178 1843 1244 1894 sicut
1264 1841 1401 1906 dispositio
1424 1841 1467 1892 vel
1485 1841 1641 1892 instrurncn·
1729 1868 1766 1876 -
1784 1845 1869 1894 222222
1889 1849 1925 1896 222
1945 1845 1986 1894 222
2009 1843 2077 1898 2233
2096 1843 2182 1908 aret
2201 1869 2235 1882 ··-
2255 1847 2316 1894 2222

326 1927 442 1980 cundum
464 1931 598 1990 naturam,
617 1927 652 1978 222
679 1925 750 1990 qood
780 1925 897 1978 subiacet
921 1939 965 1990 po·
1001 1935 1056 1982 tum
1077 1929 1095 1982 tt
1115 1927 1166 1982 626
1185 1927 1216 1980 2*
1234 1929 1368 1980 -ltietor
1388 1929 1519 1982 sufficiens
1537 1931 1640 1980 estboc
1676 1931 1734 1982 viae
1754 1929 1848 2004 adres
1867 1931 1992 1984 125622

327 2017 411 2068 2222222
430 2017 552 2080 2222222,
572 2021 598 2066 22
616 2017 636 2066 22
664 2023 749 2066 motus
768 2021 870 2078 praeter
891 2017 965 2066 natu·
1001 2017 1101 2086 aliquid
1118 2025 1144 2070 et
1172 2017 1251 2070 nabet
1279 2017 1412 2068 materiam
1436 2023 1463 2070 et
1487 2017 1599 2070 sormam
1620 2017 1639 2068 tt
1728 2047 1765 2058 -
1783 2017 1881 2086 Omne,
1908 2019 1978 2086 qnod
2009 2023 2058 2072 evit
2086 2023 2119 2074 de
2148 2023 2262 2086 potentia
2285 2023 2313 2072 22

326 2117 382 2156 ram
402 2117 453 2156 222
475 2107 618 2166 corrumpit
641 2117 689 2154 nec
720 2101 840 2156 diminuit
858 2107 965 2152 naturae
1002 2107 1053 2158 375
1073 2105 1103 2160 2*
1123 2105 1186 2160 Vide
1211 2107 1239 2158 V.
1257 2107 1359 2160 Formo
1378 2101 1429 2162 20.
1676 2107 1873 2174 autumnique
1893 2107 1972 2160 modo
1991 2115 2105 2162 mutatur
2127 2109 2148 2162 V
2166 2109 2202 2158 93
2219 2123 2277 2174 arg.
2295 2109 2313 2160 5

326 2195 482 2256 potestatem
509 2191 527 2242 ll
556 2191 608 2242 676
629 2189 711 2240 2*-
739 2189 815 2254 Quod
845 2193 966 2242 movetur
1056 2225 1091 2234 -
1109 2195 1200 2248 Omnis
1219 2201 1304 2248 motor
1322 2199 1361 2246 222
1389 2197 1413 2246 22
1433 2199 1491 2248 2222
1519 2197 1639 2258 respectu
1675 2201 1781 2260 -est,
1802 2195 1847 2248 ubi
1865 2197 2007 2248 estexitus
2025 2195 2058 2248 ab
2078 2197 2179 2248 222222
2200 2197 2313 2260 potentia

326 2285 414 2332 contra
433 2263 624 2332 inclinationem
655 2283 776 2332 movetur
794 2293 855 2330 cum
876 2277 965 2342 latiga-
1001 2283 1106 2338 mobilis
1123 2285 1141 2334 ll
1162 2281 1215 2336 327
1228 2281 1356 2336 ibride
1373 2282 1503 2352 Vsipetes
1517 2279 1590 2348 (tta
1601 2277 1639 2340 0).
1676 2281 1820 2336 2022222
1840 2291 1912 2346 2222,
1932 2283 2004 2350 quod
2023 2281 2314 2338 sehabetaiiter'nunc

326 2371 394 2420 tione
415 2375 438 2418 et
457 2381 542 2430 poena
560 2367 595 2420 iV
614 2367 683 2420 2032
704 2367 753 2420 22
1053 2401 1089 2410 -
1109 2371 1217 2424 liiovcns
1240 2373 1403 2436 praeeminet
1424 2371 1515 2422 mobili
1541 2371 1560 2422 il
1587 2367 1639 2422 595
1675 2385 1755 2436 quam
1785 2373 1857 2436 prius
1886 2373 1908 2424 V
1940 2371 1989 2422 202
2011 2369 2046 2422 2*.
2069 2373 2117 2424 200
2139 2371 2192 2438 20*,
2212 2369 2313 2422 22*-

377 2485 414 2494 —-
432 2457 550 2524 seqnitur
568 2455 759 2510 inclinationem
780 2459 797 2508 lt
811 2455 863 2508 865
876 2455 964 2520 2225
1000 2475 1058 2528 erg.
1078 2463 1094 2514 5
1112 2489 1148 2502 -
1169 2461 1319 2514 Secundum
1340 2465 1439 2512 rectum
1460 2459 1580 2512 ordinem
1598 2471 1640 2508 su·
1675 2457 1773 2524 Omne,
1792 2459 1863 2524 qued
1889 2467 2018 2526 mutatur,
2047 2475 2094 2526 per
2124 2461 2198 2524 prins
2223 2463 2264 2512 est
2285 2461 2312 2512 in

377 2571 414 2584 ·-·
431 2545 510 2598 2202222
530 2545 744 2598 acciduntrelox
773 2555 797 2598 ct
820 2545 925 2598 tardum
944 2545 964 2596 li
1001 2551 1092 2616 peries
1109 2557 1200 2602 movet
1219 2550 1327 2602 interius
1346 2551 1362 2600 ti
1382 2549 1434 2600 726
1457 2545 1482 2598 2*
1675 2551 1787 2614 putentia
1808 2563 1887 2614 quam
1915 2551 1941 2600 22
1961 2555 2019 2602 actu
2039 2547 2046 2596 i
2069 2549 2117 2600 256
2138 2551 2154 2600 2,
2175 2551 2191 2600 3
2210 2575 2244 2588 -—
2263 2551 2313 2602 iio·

325 2631 372 2686 922
398 2631 426 2686 2*
1054 2667 1090 2676 -
1107 2639 1188 2692 biotor
1210 2639 1348 2704 perfectior
1373 2643 1400 2690 ct
1421 2635 1565 2722 absolutior
1593 2637 1640 2686 mi·
1676 2645 1718 2690 222
1736 2639 1853 2704 sequitur
1872 2637 1905 2690 ad
1924 2637 2218 2704 gerreratienem,quae
2237 2637 2312 2690 iitde

376 2725 450 2774 -22
467 2737 547 2774 tantam
560 2729 600 2776 est
613 2723 736 2776 intensior
748 2737 828 2790 quam
843 2727 867 2776 22
881 2723 963 2776 inulta
1001 2743 1050 2782 ens
1069 2727 1201 2794 dependet
1220 2725 1343 2786 amabili
1370 2735 1397 2778 et
1414 2733 1455 2780 est
1472 2725 1640 2776 sufficientior
1675 2735 1733 2780 ente
1753 2729 1910 2790 inpotentia
1930 2727 1955 2778 V
1974 2725 2025 2778 205
2045 2725 2127 2778 2*-
2150 2725 2240 2778 cstde
2267 2739 2312 2776 22-

324 2810 358 2864 tv
377 2811 445 2862 2028
467 2825 522 2876 arg.
543 2815 553 2862 2
577 2841 611 2850 -
629 2813 835 2878 perfectissimas
862 2819 902 2864 cst
920 2827 964 2864 ve·
1000 2821 1008 2870 i
1030 2815 1128 2870 6392*
1673 2817 1792 2868 cessitate
1811 2817 1836 2868 in
1856 2817 2037 2880 corruptione,
2057 2815 2103 2868 220
2124 2827 2172 2866 222
2195 2815 2217 2866 22
2238 2815 2310 2866 antei

324 2898 472 2952 locissimes
490 2901 507 2951 ll
531 2903 561 2954 29
582 2915 639 2966 arg.
663 2903 686 2952 2.
706 2899 756 2952 322
779 2905 793 2954 l.
814 2901 830 2952 2
1052 2935 1089 2946 -
1109 2907 1196 2958 Virtus
1215 2905 1325 2956 motoris
1345 2903 1421 2956 debet
1446 2905 1638 2968 proportionari
1675 2907 1842 2968 generatione
1861 2905 1897 2960 20.
1914 2905 1944 2956 3*
2043 2907 2046 2918 ·“

376 3017 413 3028 --
431 2995 471 3040 cst
487 2989 609 3042 sensibile
627 3001 769 3042 commone
788 2989 810 3040 V
830 2989 918 3040 3003
1000 2995 1092 3046 mobili
1111 2995 1128 3044 ii
1149 2991 1200 3044 325
1220 2995 1236 3044 2.
1256 2995 1290 3050 2,,
1309 2991 1361 3044 326
1382 2991 1410 3042 2*
1428 3019 1464 3028 -
1481 2991 1586 3044 ltiotoris
1604 2991 1638 3042 20
1728 3021 1764 3034 -·-
1791 2993 1874 3046 Omne
1902 2993 2026 3046 mutabile
2049 2995 2138 3060 aliquo
2165 2993 2244 3044 modo
2272 3001 2311 3046 est

376 3103 414 3116 -
431 3077 566 3130 Obiectunt
583 3079 705 3142 physicae
723 3073 782 3130 vide
798 3077 825 3128 V.
840 3075 964 3144 rlrpetco.
999 3081 1098 3134 mobile
1115 3079 1194 3132 debet
1214 3095 1272 3134 esse
1290 3083 1424 3144 proportio
1444 3081 1463 3130 tt
1482 3079 1533 3130 219
1550 3079 1638 3142 arg-2
1675 3083 1798 3146 promittite
1821 3083 1841 3134 V
1861 3083 1911 3134 203
1931 3083 1948 3132 2.
1967 3081 2127 3134 2-02222
2141 3079 2264 3146 possibile
2276 3081 2310 3134 20

375 3163 525 3232 uidebor,
546 3167 591 3230 qui
610 3171 650 3216 est
668 3165 719 3214 hoc
735 3163 833 3230 aliquid
854 3169 877 3216 ct
903 3161 963 3214 sub·
1052 3197 1088 3210 -
1106 3169 1131 3220 Si
1153 3175 1221 3222 tanta
1240 3171 1325 3220 virtus
1343 3173 1432 3220 movet
1450 3169 1638 3221 inventorem·
1673 3175 1761 3220 actum
1781 3175 1806 3220 22
1830 3171 2049 3234 complementum
2075 3177 2112 3220 ost
2139 3169 2262 3220 mutabile
2280 3169 2310 3220 iil

323 3255 415 3308 stantia
433 3255 459 3302 et
478 3259 562 3304 motor
591 3251 737 3316 sufficiens,
755 3259 800 3304 aut
818 3257 963 3304 estmotor
999 3271 1078 3322 pore,
1097 3265 1121 3310 ct
1152 3259 1234 3308 maior
1259 3259 1284 3308 ie
1303 3257 1415 3322 minori,
1436 3257 1591 3308 2222222222
1609 3255 1637 3306 22
1674 3257 1968 3322 82223-’222222222
1986 3265 2133 3322 estomne,
2151 3259 2193 3308 cni
2212 3257 2310 3322 aliquid

323 3345 424 3406 motus,
443 3345 488 3392 222
505 3349 594 3394 motor
611 3355 663 3392 non
682 3343 770 3392 mutus
789 3341 805 3392 li
826 3339 876 3392 626
899 3337 926 3390 2*
1000 3349 1120 3410 minimo,
1142 3353 1167 3396 et
1184 3343 1284 3398 inlinita
1302 3347 1329 3394 22
1349 3357 1418 3396 2222
1436 3345 1445 3396 i
1466 3343 1517 3394 662
1535 3343 1552 3394 2.
1574 3343 1598 3394 3.
1616 3343 1637 3394 lt
1673 3347 1780 3398 advenit
1796 3361 1828 3396 ex
1846 3349 1964 3412 tempore
1983 3347 2006 3398 V
2025 3343 2059 3398 97
2078 3361 2134 3410 222.
2153 3345 2167 3394 3

374 3427 661 3480 -Nibtlsecundum
687 3427 758 3480 idum
788 3425 911 3480 movetur
936 3433 963 3478 el
999 3433 1051 3486 3i5
1070 3435 1089 3484 2.
1108 3433 1122 3484 3
1143 3463 1175 3470 -
1196 3439 1235 3486 cst
1253 3433 1382 3496 velocior,
1401 3431 1545 3506 secundum
1563 3431 1637 3496 quod
1727 3433 1863 3486 -Omne
1892 3443 1929 3488 est
1957 3433 2093 3502 mutabile,
2118 3433 2192 3502 quod
2215 3433 2310 3486 22202

323 3525 414 3570 movet
431 3517 447 3568 li
470 3515 521 3568 645
541 3531 598 3580 ilg-
617 3517 963 3570 4-9102905020922232
1000 3523 1128 3586 potentior
1157 3529 1195 3576 est
1220 3523 1302 3574 virtus
1332 3523 1339 3574 i
1368 3521 1419 3574 662
1440 3523 1491 3574 2.3
1517 3517 1580 3574 Vide
1607 3519 1638 3574 V.
1674 3525 1755 3576 nihilo
1775 3525 1869 3578 tactum
1896 3525 1912 3576 ll
1937 3525 1970 3576 39
1991 3523 2035 3574 22
2065 3553 2097 3562 -
2117 3523 2214 3588 Omne,
2237 3523 2310 3590 qnod

323 3605 394 3658 eliud
413 3619 427 3656 a
446 3601 538 3656 mobili
557 3603 573 3654 tl
595 3601 645 3654 328
666 3601 683 3654 b
701 3603 961 3670 sq-rrtnetptnm
999 3613 1089 3680 Aperte
1106 3607 1180 3676 (422
1199 3613 1234 3676 c).
1252 3641 1286 3650 -
1305 3607 1347 3660 20
1364 3609 1458 3662 cadem
1477 3611 1573 3662 virtute
1585 3619 1637 3658 non
1673 3613 1723 3666 sibi
1742 3615 1859 3666 relictum
1890 3617 1912 3664 22
1944 3613 2051 3664 22222222
2081 3613 2160 3676 22022,
2183 3619 2310 3678 quantum

322 3697 458 3756 passivum
479 3697 601 3744 movetur
618 3689 653 3744 ib
671 3691 747 3744 2001
770 3695 820 3746 202
836 3693 860 3746 d·
881 3691 963 3744 20·-
998 3703 1050 3752 evit
1069 3701 1199 3752 motusie
1219 3699 1346 3750 infinitum
1364 3697 1486 3750 maiorer
1506 3697 1637 3750 minoriV
1673 3699 2310 3766 estdese,estmntabilellinit-Omne

323 3781 420 3848 Omne,
438 3781 509 3847 2220
532 3787 666 3848 movetur,
684 3781 720 3832 ab
742 3783 793 3832 alio
811 3787 933 3832 movetur
954 3781 963 3832 Ι
1000 3787 1050 3840 209
1072 3803 1128 3854 arg.
1149 3787 1163 3840 2
1673 3791 1791 3844 vertibile
1811 3799 1849 3846 est
1868 3791 1992 3844 mutabile
2012 3793 2019 3844 i
2040 3793 2089 3844 256
2109 3793 2127 3842 i.
2145 3793 2160 3842 2

321 3869 357 3922 78
375 3871 403 3922 0.
423 3871 446 3922 t·
467 3871 484 3922 ΙΙ
503 3869 555 3922 347
573 3871 592 3922 i·
612 3871 636 3922 i·
657 3871 678 3922 V
698 3871 748 3922 300
776 3867 960 3934 3·····0mtiss,
1052 3905 1089 3916 --
1107 3877 1284 3930 bassationcm
1303 3877 1329 3928 22
1358 3883 1480 3928 movente
1499 3889 1550 3928 non
1580 3877 1639 3928 iacit
1727 3877 2310 3946 *2222200222222222222222222222212-

324 3959 396 4024 quod
416 3961 537 4010 movetur
556 3965 627 4012 motu
644 3959 767 4024 naturali,
781 3959 891 4012 disserte
907 3971 963 4010 2220·
999 3967 1086 4018 022222
1103 3967 1208 4018 virtutis
1234 3967 1380 4030 moventis,
1400 3967 1446 4018 sed
1465 3965 1638 4030 improportio
1674 3971 1749 4036 citer,
1770 3971 1830 4036 quia
1847 3967 1908 4022 sunt
1926 3985 1956 4022 ev
1976 3969 2071 4036 nihilo,
2084 3969 2131 4020 sed
2144 3971 2168 4020 in
2183 3975 2310 4036 qnantum

323 4051 377 4100 lore
404 4051 412 4100 l
437 4045 488 4098 659
515 4045 545 4098 2*
568 4045 630 4102 Vide
656 4047 683 4100 V.
701 4045 810 4102 Nutrrro
829 4043 905 4114 (469
921 4047 962 4110 o).
998 4047 1107 4108 motoris
1132 4053 1165 4106 ad
1193 4053 1365 4120 mobile,ch
1395 4055 1637 4118 continuauerat
1673 4057 1734 4110 dicit
1755 4059 1926 4122 positionem,
1946 4057 2196 4110 venitamateriali
2215 4057 2304 4108 iiiiii

320 4135 534 4188 -Admotum
554 4135 961 4202 nonsrrsticitqualitaspropriu
998 4141 1145 4208 ineptitudo
1163 4155 1194 4194 ex
1214 4147 1287 4208 parto
1305 4141 1410 4196 mobilis
1428 4145 1447 4194 ll
1467 4141 1518 4194 350
1538 4139 1566 4192 0*
1672 4143 2310 4210 -itiatabiiitasnonestpuraprivatio,immo

322 4225 426 4278 mobilis
445 4225 464 4274 li
484 4223 536 4276 329
554 4223 584 4276 2*
602 4251 636 4264 -·
660 4223 828 4290 Quaedama
851 4237 877 4276 sc
899 4225 963 4288 ipsis
1053 4259 1088 4270 -·
1106 4231 1188 4282 iilotur
1217 4231 1368 4296 principalis
1396 4233 1485 4284 excitat
1505 4237 1530 4282 22
1547 4237 1639 4282 movet
1673 4235 1734 4288 dicit
1754 4235 1867 4300 aliquam
1889 4237 2041 4298 positionem
2062 4231 2124 4288 trid.

323 4317 463 4364 moventur
482 4311 504 4362 V
526 4313 576 4364 300
599 4315 613 4366 3
998 4323 1128 4372 maturam
1151 4331 1203 4370 non
1223 4321 1395 4384 principalem
1412 4319 1431 4372 ii
1452 4321 1502 4370 862
1523 4333 1578 4384 arg.
1596 4321 1611 4370 6
1727 4351 1764 4362 -
1782 4335 1833 4374 non
1852 4327 1938 4386 potest
1955 4337 2013 4374 esse
2030 4323 2080 4376 nisi
2098 4325 2124 4372 22
2144 4335 2172 4372 22
2192 4321 2310 4374 mutabili

374 4429 411 4440 -
429 4399 519 4452 Omnis
539 4405 624 4454 motor
644 4401 961 4455 sufficieusdistatamo·
1051 4435 1088 4446 -
1106 4405 1146 4458 20
1165 4407 1637 4474 movendumrequirunturiutentio,
1673 4417 1699 4462 et
1718 4411 1836 4464 variabili
1854 4417 1962 4476 propter
1982 4410 2214 4464 delectumVibii
2234 4409 2311 4462 3*-

321 4485 510 4558 altinatis.
532 4489 625 4540 3329
648 4489 830 4542 2*·-·022202
850 4489 960 4542 distata
997 4497 1127 4560 appetitus
1153 4501 1177 4546 et
1202 4497 1285 4546 virtus
1308 4495 1327 4546 li
1355 4495 1407 4548 595
1431 4495 1636 4560 2222*Αο
1672 4501 1757 4552 Omne
1775 4505 1902 4552 mutatum
1917 4499 1995 4552 habet
2009 4501 2031 4552 in
2047 4497 2309 4552 semutabilitaterni

321 4575 412 4630 mobili
431 4579 457 4626 in
477 4579 826 4644 9000292202900202212
847 4583 961 4630 2822222
997 4587 1098 4636 rectum
1118 4589 1221 4636 motum
1240 4585 1439 4648 progressivum
1460 4585 1637 4636 concurritsi-
1673 4591 1723 4642 259
1737 4589 1894 4642 26-2222
1907 4591 1975 4642 trulla
1996 4593 2149 4654 potestesse
2161 4589 2270 4642 mutatio
2282 4597 2310 4642 et

321 4667 382 4732 pati,
404 4667 469 4718 2222
488 4671 573 4720 motor
593 4673 630 4720 est
659 4673 711 4718 tota
731 4679 807 4720 causa
829 4667 961 4720 2222222222
998 4673 1052 4724 mul
1072 4673 1146 4724 visus
1164 4673 1303 4726 ostendens
1322 4673 1394 4724 viam
1412 4679 1496 4738 etpes
1514 4671 1637 4726 incedens
1671 4679 1733 4730 ninii
1751 4677 1885 4744 mutabile,
1900 4687 2004 4730 nonest
2017 4677 2309 4730 murabilitasvtttta

320 4759 347 4806 et
365 4759 416 4806 tota
435 4767 513 4806 causa
534 4759 620 4808 motus
640 4753 727 4806 22626
746 4755 961 4808 2⁹⁶-Distantia
997 4761 1017 4814 ii
1037 4759 1089 4812 393
1108 4759 1125 4812 0
1723 4793 1760 4804 -
1778 4765 1914 4818 2222220222
1934 4773 1972 4818 222
1991 4765 2063 4832 quod
2077 4767 2184 4830 suscipit
2197 4767 2310 4832 peregri-

320 4845 429 4894 motoris
448 4857 463 4894 a
483 4843 571 4896 mobili
593 4843 737 4894 secundum
751 4843 922 4898 substantiam
935 4849 962 4896 et
1052 4877 1089 4888 -
1106 4849 1176 4900 idem
1197 4849 1326 4918 estquod
1349 4849 1437 4916 dirigit
1456 4849 1635 4914 separandae
1673 4869 1719 4906 nas
1743 4857 1929 4918 impressiones
1949 4855 1965 4906 it
1986 4855 2037 4906 350
2060 4855 2083 4906 0.
2103 4857 2119 4906 2

321 4933 462 4996 completio
484 4933 593 4984 motoris
620 4933 678 4984 lacit
707 4931 739 4984 ad
763 4937 851 4984 motus
878 4933 962 4996 perle-
997 4939 1108 4990 termino
1127 4945 1152 4990 ct
1170 4939 1323 4992 inclinando
1338 4939 1370 4990 ad
1391 4941 1530 4992 term-inum
1547 4939 1581 4990 iV
1600 4937 1635 4990 27
1724 4971 1761 4982 -
1778 4951 1803 4996 22
1832 4949 1917 4996 motus
1946 4957 2051 5008 2222222
2079 4945 2307 5008 incompietionem

320 5023 432 5074 ctionem
454 5021 472 5070 tl
489 5017 543 5072 329
562 5019 645 5072 2*-
666 5021 790 5074 Distantia
818 5021 960 5074 motorisa
997 5041 1052 5092 erg.
1074 5025 1089 5078 2
1112 5025 1174 5080 Viric
1197 5029 1227 5080 V.
1244 5027 1354 5082 Pondus
1374 5029 1400 5078 in
1418 5027 1504 5080 indice
1523 5039 1613 5092 gener.
1670 5033 1732 5086 dicit
1754 5033 1774 5084 V
1795 5033 1845 5084 202
1865 5031 1894 5086 2*

322 5109 413 5162 mobili
431 5123 480 5172 par
497 5107 642 5162 absentiam
662 5109 772 5174 impedit
791 5109 960 5174 motum‚sed
1049 5143 1086 5156 -·
1105 5117 1153 5168 Ver
1172 5117 1285 5170 eandem
1303 5119 1375 5180 vim,
1396 5131 1442 5182 per
1468 5131 1547 5184 qnam
1577 5119 1636 5182 quis
1724 5149 1762 5160 -
1779 5119 1875 5188 Omne,
1895 5121 1967 5188 qnod
1986 5127 2115 5188 mutatur,
2135 5127 2179 5176 aut
2197 5123 2309 5188 acquirit

321 5197 441 5250 distantia
463 5211 508 5262 per
529 5197 758 5262 independentiam
777 5213 792 5252 2
811 5197 902 5250 mobili
920 5199 961 5250 22·
997 5209 1118 5256 movetur
1139 5203 1170 5256 nd
1190 5205 1303 5272 aliquid,
1318 5207 1425 5272 quiescit
1439 5205 1536 5258 ibidem
1550 5205 1569 5254 ii
1583 5203 1635 5256 675
1670 5209 1782 5276 aliquid,
1802 5217 1845 5264 222
1864 5209 1950 5276 perdit
1967 5211 1991 5262 V
2012 5209 2043 5260 97
2063 5213 2080 5264 2.
2099 5211 2115 5264 5
2135 5239 2169 5250 -
2189 5213 2307 5274 inomni,

320 5293 366 5338 vat
386 5287 393 5338 l
413 5287 463 5338 639
479 5283 554 5338 2*·-
567 5287 651 5338 iliotor
662 5287 793 5338 sufficiens
812 5301 863 5338 222
884 5299 960 5350 opor·
996 5307 1053 5360 erg.
1073 5293 1089 5346 5
1107 5321 1144 5334 --
1163 5293 1188 5344 ie
1210 5303 1281 5346 motu
1295 5297 1467 5356 corruptionis
1485 5307 1536 5344 non
1559 5305 1635 5356 opor·
1671 5299 1744 5362 qued
1772 5305 1901 5364 mutetur,
1928 5305 1972 5350 aet
2000 5299 2098 5366 aliquid
2122 5299 2242 5364 advenit,
2264 5307 2308 5354 eet

320 5379 369 5440 ῑθῑι
392 5373 464 5440 quod
479 5373 554 5428 diSiVi
573 5389 588 5426 ³
608 5375 695 5426 2909οῙ
717 5381 743 5426 Ul
763 5373 906 5428 8120220000
924 5375 960 5428 Vl·
996 5389 1044 5450 tet,
1063 5383 1136 5450 quod
1157 5385 1217 5448 quis
1235 5383 1412 5448 pereundam
1433 5385 1494 5448 2222,
1517 5395 1635 5446 quanto·
1669 5387 1769 5438 recedit
1785 5383 1821 5440 20.
1838 5389 1854 5438 2.
1875 5389 1890 5440 6
1910 5389 2085 5440 -naturaiis
2114 5395 2150 5440 est
2171 5403 2217 5452 per
2236 5401 2306 5440 rece·

320 5467 387 5524 2922,
409 5463 452 5516 Std
474 5469 500 5514 ut
520 5465 551 5518 sit
574 5465 658 5518 terma
682 5463 870 5530 substantialis,
892 5479 959 5530 quae
995 5467 1554 5538 22222,222222222222222222116275*
1670 5477 1785 5540 ptieeem
1806 5477 1978 5538 tantnm,vet
2009 5489 2056 5540 per
2083 5479 2259 5542 receptionem
2281 5481 2308 5530 et

320 5555 357 5602 sic
376 5555 480 5604 uniatur
498 5555 562 5616 perti
584 5559 681 5618 motae,
702 5561 729 5604 nt
747 5557 825 5606 etiarn
845 5551 921 5606 distet
940 5555 960 5606 lt
1049 5561 1164 5614 22222222
1183 5559 1224 5600 -“
1237 5561 1328 5612 2222222
1347 5565 1386 5612 222
1399 5561 1471 5612 222222
1489 5573 1519 5612 se
1537 5557 1635 5610 babere
1669 5563 1840 5614 abiectionem
1861 5565 1893 5616 iV
1913 5563 1976 5614 2022
2003 5561 2307 5618 2*-222222222222-

320 5641 371 5692 375
392 5641 420 5692 2*
997 5661 1069 5698 2222
1088 5661 1166 5712 qrram
1187 5651 1261 5712 prius
1280 5649 1298 5698 ll
1318 5649 1345 5698 32
1370 5661 1425 5714 arg.
1447 5651 1470 5700 2.
1490 5647 1514 5698 V
1535 5647 1586 5698 205
1604 5647 1634 5698 3*
1669 5651 1728 5702 bilis
1748 5651 1833 5716 aliqua
1852 5653 1999 5716 proprietas
2018 5653 2103 5704 habita
2118 5657 2250 5718 amittitur,
2264 5655 2307 5708 vel

373 5753 409 5766 -
426 5731 512 5780 omnis
533 5731 656 5782 naturalis
678 5737 718 5780 est
736 5743 749 5778 2
771 5731 853 5782 torma
872 5731 960 5780 222220-
995 5761 1032 5774 ·-·
1048 5735 1173 5788 itintabiie
1193 5743 1231 5800 est
1251 5737 1323 5802 quod
1342 5749 1370 5788 se
1389 5735 1467 5788 habet
1485 5735 1633 5806 22222202
1669 5753 1720 5792 222
1734 5737 2055 5806 liabitaacqoiritur1162
2069 5743 2307 5794 b--nmissioali-

320 5829 379 5868 seca
400 5819 417 5866 12
437 5815 489 5866 327
508 5829 564 5882 arg.
580 5819 590 5868 2
614 5845 649 5856 -
668 5817 802 5870 processio
820 5817 960 5868 2222222222
995 5825 1070 5886 prius
1088 5827 1111 5872 ot
1131 5823 1179 5874 alio
1201 5823 1281 5876 modo
1309 5827 1439 5888 posterius
1461 5825 1467 5874 i
1487 5823 1538 5876 679
1558 5821 1632 5876 0*.12
1667 5831 1743 5880 22222
1763 5835 1786 5880 22
1805 5829 1942 5896 acquisitio
1961 5827 1993 5880 de
2015 5831 2166 5884 necessitate
2186 5833 2307 5884 mutatio-

320 5905 427 5968 nobiiis,
447 5905 506 5970 quia
535 5911 573 5956 est
597 5919 609 5956 2
637 5905 765 5968 principio
787 5905 925 5956 intrinseco
950 5905 957 5954 i
995 5911 1025 5962 32
1048 5923 1104 5974 arg.
1124 5907 1151 5962 3.
1174 5909 1199 5960 V
1220 5911 1251 5962 98
1273 5923 1329 5974 arg.
1349 5911 1376 5962 it
1402 5941 1436 5950 -
1455 5911 1634 5964 itiutabiiecst
1669 5929 1728 5968 nem
1748 5917 1983 5970 incitrduntVittii
2005 5917 2049 5970 22*
2068 5947 2101 5958 -
2121 5919 2185 5972 Nibii
2205 5933 2306 5972 novum

320 5993 366 6046 23*Ι
391 6007 447 6058 *VV-
468 5991 483 6044 r,
509 6019 543 6030 ··
567 5991 606 6044 Ad
625 5993 847 6056 0⁰V¹Vlssffli¹i¹l¹¹t¹
872 5997 961 6042 rnotns
995 5999 1067 6064 quod
1091 6011 1140 6048 non
1160 5999 1253 6052 codem
1274 5999 1353 6050 modo
1372 6013 1401 6050 se
1418 5999 1497 6052 habet
1515 6001 1587 6064 prius
1607 6007 1633 6052 et
1668 6007 1767 6072 acquiri
1786 6013 1871 6070 potest
1889 6009 1944 6060 sine
1957 6007 2041 6076 aliqua
2057 6011 2199 6062 mutatione
2216 6011 2309 6076 acqui·

319 6095 370 6134 non
384 6081 444 6132 lacit
458 6095 513 6132 csse
527 6095 541 6132 a
554 6081 682 6146 principio
701 6079 840 6132 intrinseco
853 6085 960 6144 propiet
995 6087 1139 6152 posterius,
1166 6095 1210 6140 aut
1234 6089 1295 6154 quia
1322 6085 1393 6160 nullo
1410 6087 1488 6142 modo
1508 6101 1535 6140 se
1554 6085 1634 6142 babet
1667 6097 1749 6148 rentis
1771 6097 1812 6148 vel
1837 6097 1955 6164 acquisiti
1974 6097 2003 6149 lii
2023 6097 2075 6150 265
2093 6111 2108 6148 2
2128 6125 2162 6138 -
2181 6097 2306 6150 possibile

320 6175 442 6224 unionem
464 6173 570 6222 motoris
590 6169 622 6222 {td
649 6167 758 6232 2201202,
780 6169 827 6222 sed
851 6175 960 6234 propter
995 6177 1068 6240 prius
1087 6183 1110 6228 22
1130 6179 1274 6244 posterius,
1295 6181 1341 6228 unt
1358 6177 1428 6228 nullo
1454 6171 1533 6228 modo
1558 6179 1632 6242 prius
1667 6185 1759 6238 22220
1779 6187 1949 6238 mutationem
1967 6185 2038 6252 quod
2066 6193 2148 6252 potest
2169 6187 2306 6252 acqrrirere

318 6261 498 6312 sufficientiam
518 6261 625 6312 motoris
644 6259 760 6312 distentis
779 6273 792 6310 a
812 6259 918 6310 materia
938 6259 957 6311 it
993 6273 1020 6318 et
1037 6267 1124 6332 aliquo
1145 6265 1224 6320 modo
1242 6267 1388 6332 posterius,
1406 6273 1450 6320 ant
1463 6267 1522 6332 2222
1535 6267 1632 6330 simpli·
1667 6273 1767 6340 aliquid
1784 6275 1809 6324 in
1829 6289 1856 6328 se
1877 6277 1947 6340 ipso,
1967 6289 2018 6326 non
2037 6277 2064 6328 in
2083 6275 2163 6328 altero
2183 6277 2209 6326 222
2228 6275 2262 6328 20
2275 6273 2305 6328 3*

318 6349 370 6402 329
391 6349 420 6400 2*
993 6357 1056 6408 citer
1076 6355 1149 6406 aliter
1172 6357 1245 6418 prius
1268 6361 1292 6408 et
1310 6359 1441 6420 posterius
1459 6355 1475 6408 ll
1496 6355 1530 6406 32
1549 6355 1579 6406 3*
1595 6385 1632 6398 -
1667 6361 1789 6428 ...Quod
1810 6365 1871 6414 nteit
1886 6365 1946 6414 novt
1964 6365 2088 6430 acquirit,
2104 6363 2165 6416 ninii
2186 6361 2304 6418 habitum

371 6465 408 6476 -·-
425 6437 506 6490 illotor
527 6439 658 6492 2222222222
675 6451 727 6491 non
751 6439 830 6492 babet
851 6439 927 6490 sitnm
949 6439 957 6490 Ι
993 6445 1140 6496 iterationis
1157 6445 1284 6498 naturalis
1298 6447 1362 6498 ratio
1383 6453 1420 6498 est
1446 6445 1518 6498 aliter
1535 6459 1564 6496 se
1589 6449 1632 6500 tta·
1667 6451 1753 6514 perdit
1772 6463 1823 6502 non
1841 6457 1928 6516 potest
1946 6451 2039 6504 mutari
2060 6453 2082 6504 V
2101 6451 2188 6504 3207

320 6527 369 6578 270
391 6527 408 6578 2.
427 6527 452 6578 5.
474 6527 518 6578 272
543 6529 567 6580 0.
589 6529 606 6580 22
626 6527 678 6580 375
697 6525 726 6580 2*
994 6533 1056 6586 0222
1076 6541 1188 6586 222222
1208 6531 1380 6598 eliasibi*
1653 6541 1654 6544 ’
1719 6537 1839 6592 —Cum
1859 6541 1958 6606 aliquid
1977 6553 2027 6592 nou
2053 6541 2211 6604 participans
2230 6543 2306 6594 ratio·

371 6645 406 6654 --
425 6617 508 6672 222222
527 6625 651 6682 operatur
668 6625 844 6682 supertotum
859 6619 957 6672 mobile
1046 6649 1082 6658 -
1102 6621 1264 6686 impossibile
1282 6627 1322 6676 est
1340 6623 1373 6676 de
1392 6625 1633 6678 nontaiitieriteie
1666 6643 1725 6682 nem
1746 6629 1854 6682 alicuius
1874 6631 1900 6682 02
1922 6631 2094 6696 participans,
2117 6633 2304 6682 transmutatur

320 6703 340 6754 it
357 6707 391 6758 78
412 6721 468 6772 arg.
486 6707 501 6758 2
571 6733 575 6740 ,
992 6715 1047 6766 sine
1067 6711 1135 6762 iliius
1154 6713 1294 6764 mutatione
1307 6711 1332 6764 V
1344 6713 1377 6766 98
1391 6727 1449 6776 arg.
1462 6715 1476 6762 8
1489 6713 1629 6778 -Omne,
1664 6717 1694 6768 ie
1711 6717 1775 6768 iilud
1792 6717 1826 6768 iV
1844 6717 1896 6770 270
1914 6731 1972 6782 arg.
1984 6717 2001 6768 2
2012 6745 2048 6758 -
2060 6717 2136 6784 0220
2148 6725 2264 6770 mutatur
2276 6719 2303 6768 in

371 6821 407 6834 -·
425 6795 501 6860 Quod
521 6799 696 6862 propinquius
715 6801 753 6850 cst
773 6799 957 6852 motoricitius
992 6801 1067 6868 qnod
1096 6813 1164 6852 nunc
1191 6807 1230 6854 est
1255 6801 1365 6868 aliquid,
1395 6799 1466 6868 quod
1496 6817 1545 6854 non
1575 6811 1630 6856 erat
1665 6805 1734 6858 aliud
1756 6807 1782 6858 22
1800 6805 1863 6858 22220
1883 6807 1924 6858 222
1944 6805 2089 6860 22222022
2108 6807 2244 6872 accidens,
2261 6807 2303 6858 vel

319 6891 345 6936 et
362 6883 480 6938 velocius
497 6893 618 6940 movetur
636 6889 655 6940 li
673 6887 703 6940 72
727 6901 784 6954 arg.
803 6889 819 6940 2
992 6893 1080 6956 prius,
1100 6895 1138 6942 est
1157 6895 1284 6944 mutatam
1304 6893 1311 6942 i
1328 6891 1378 6944 257
1391 6905 1446 6956 arg.
1461 6893 1476 6942 2
1489 6891 1634 6962 -Omne
1664 6895 1811 6948 secundum
1830 6895 2001 6948 substantiam
2019 6895 2052 6948 tv
2072 6895 2119 6948 252
2142 6897 2158 6946 2.
2180 6899 2195 6948 2
