5784 8384
461 549 524 614 tlt
1295 551 1411 618 INDEX
1433 551 1625 620 SECUNDUS

752 637 812 688 etl:
2112 647 2161 700 Eri

453 729 588 792 proposito
609 731 633 778 94
651 725 885 790 praedestinatione
899 725 1047 778 secundam
1059 739 1100 776 ra·
1190 727 1344 780 Etrussum
1361 753 1397 766 -
1415 729 1506 794 estid,
1520 731 1545 782 49
1564 743 1617 794 9449
1637 737 1686 782 stat
1706 743 1776 782 reso·
1811 733 2117 800 49999437444-999444
2129 747 2179 788 999
2192 739 2359 802 consequitur
2369 737 2456 792 diver·

451 815 552 866 44944949
569 813 731 878 intelligendi
749 813 756 866 4
776 813 826 866 746
850 811 1101 878 a*·-iatelligttar
1135 815 1406 868 lutiolia—De
1424 819 1612 882 compositione
1631 831 1775 882 corporum
1810 819 2172 886 sitascsseutiae,noniacit
2193 825 2304 890 priuset
2324 829 2454 890 posterius

451 911 510 956 9949
530 899 874 968 praedestinationemt'bid.
892 929 930 942 ·-·
950 903 1098 956 secundum
1134 901 1381 956 exelernenlisvide
1392 905 1503 956 iadicem
1516 905 1609 968 pbilos.
1628 905 1657 958 V.
1671 905 1776 974 Corpus
1811 915 1917 974 natura,
1938 911 2192 964 sedsimulnatura
2213 913 2293 966 4375
2319 929 2391 966 a·-
2415 917 2454 968 De

451 993 573 1042 allectum
593 991 739 1044 dilectionis
756 997 797 1044 est
814 989 884 1044 idem
905 1005 935 1044 ac
959 991 1099 1056 praedesti-
1187 991 1322 1044 —Terra
1343 999 1368 1044 et
1394 993 1464 1056 iguis
1490 995 1610 1046 94949949
1637 1001 1776 1046 999494494
1811 995 2179 1054 diversismodisemanandi
2201 1007 2224 1052 et
2243 1001 2454 1068 deproprielati·

452 1081 537 1142 449449,
556 1079 701 1132 secundant
722 1081 843 1130 ellectum
863 1079 945 1130 llnalis
971 1079 1098 1144 gratifica·
1133 1077 1241 1130 daubus
1259 1079 1389 1130 4449944944
1419 1079 1450 1132 49
1478 1079 1494 1132 44
1520 1107 1555 1136 -,
1580 1083 1774 1134 Elementorum
1808 1081 1860 1136 hus
1878 1083 1942 1136 ailla
1962 1085 1989 1138 V.
2009 1087 2192 1142 Processioct
2214 1091 2241 1142 V.
2263 1091 2406 1144 Prodaoiio

454 1169 531 1220 tionis
550 1181 609 1220 99444
628 1169 747 1234 sequitur
764 1175 792 1220 et
809 1173 849 1220 est
861 1169 928 1220 itlius
941 1169 1047 1234 signum
1061 1169 1098 1220 in·
1133 1165 1263 1220 distinctio
1289 1181 1317 1220 ex
1337 1181 1411 1220 sarra
1433 1169 1565 1234 Scriptura
1587 1171 1606 1222 44
1622 1171 1675 1222 305
1694 1169 1713 1220 44
1731 1185 1773 1236 sq.
1861 1187 1973 1226 -vera
1991 1183 2031 1226 994
2042 1175 2068 1226 49
2090 1177 2184 1230 44444499
2202 1179 2234 1232 944
2254 1179 2451 1232 94444949949994

453 1253 572 1322 4944444449,
592 1255 639 1308 999
660 1271 709 1308 994
725 1265 824 1308 certum
840 1255 916 1310 nobis
929 1253 962 1310 ib.
977 1271 990 1308 9
1004 1269 1054 1322 sq,
1067 1255 1098 1306 4*
1131 1281 1170 1294 -
1181 1257 1382 1322 priustempore
1396 1263 1455 1310 sant
1466 1271 1641 1324 creataqnam
1656 1259 1774 1310 distincta
1808 1263 1981 1314 emanationis
2000 1265 2111 1316 causalis
2130 1267 2138 1318 4
2159 1267 2211 1318 939
2229 1267 2259 1320 4*
2279 1293 2313 1306 -
2331 1283 2392 1320 4949
2411 1275 2453 1320 994

452 1373 489 1382 -
500 1343 645 1396 secundnm
660 1349 755 1396 statum
770 1345 938 1410 praelationis
950 1359 1001 1398 non
1013 1345 1097 1396 estel-
1131 1349 1158 1394 et
1176 1349 1265 1396 ornata
1286 1345 1303 1396 44
1322 1343 1374 1396 703
1395 1345 1414 1398 44
1808 1349 1836 1400 49
1849 1349 1945 1402 9444949
1959 1357 1983 1402 94
1996 1353 2201 1418 eompletissima
2215 1357 2223 1406 l
2236 1355 2288 1410 690
2301 1371 2317 1408 9
2330 1383 2364 1396 ·-
2378 1359 2452 1410 Euta-

451 1421 1095 1500 iectnsneesignumpraedestinationist'b.b‚l*
1184 1433 1379 1496 -Qaalilates
1401 1435 1571 1486 elementares
1590 1439 1651 1486 sunl
1673 1435 1711 1486 eis
1732 1447 1776 1486 na·
1808 1439 1925 1490 nationes
1943 1439 1968 1490 ia
1988 1443 2106 1504 personis
2125 1441 2293 1508 intelligimus
2314 1459 2360 1510 per
2380 1459 2451 1498 ema-

504 1547 539 1558 -
564 1523 640 1574 949944
666 1529 725 1576 9949
752 1523 878 1574 4994944444
909 1521 1096 1586 purgabuntur
1131 1521 1272 1574 localeset
1291 1523 1478 1586 inseparabiles
1497 1523 1530 1574 Ν
1550 1523 1617 1574 4099
1637 1537 1693 1588 arg.
1716 1521 1773 1588 t‚b
1808 1529 1925 1580 nationes
1944 1535 2061 1592 repertas
2081 1529 2450 1594 tniatagtnelaaitb-la

450 1613 511 1676 igne
531 1613 744 1678 conflagrationis
761 1613 795 1662 Ν
813 1613 867 1662 980
884 1611 908 1684 b,
1131 1637 1167 1646 -
1190 1609 1332 1676 Qualitates
1357 1611 1545 1664 elementorum
1576 1607 1722 1664 activorum
1747 1619 1774 1664 et
1808 1615 1906 1670 divinis
1922 1623 1964 1670 est
1980 1619 2098 1682 egressio
2116 1625 2143 1670 et
2160 1622 2303 1680 9444944999,
2330 1621 2447 1674 sednon

505 1701 671 1754 9444499494
697 1727 734 1740 -
761 1699 858 1752 dicitur
887 1699 995 1764 proprie
1025 1711 1095 1764 opus
1130 1697 1299 1760 passivorum
1317 1699 1335 1748 44
1357 1699 1407 1750 380
1425 1697 1491 1752 0-,-
1508 1703 1613 1766 passiva
1633 1709 1694 1754 sant
1714 1715 1774 1766 gra·
1807 1707 1938 1770 separatio
1957 1709 2031 1760 4960
2048 1707 2164 1760 b--De
2182 1707 2449 1764 ‹listinelioneconse-

450 1789 720 1856 pietatisimpensum
741 1787 1094 1852 rtroximoadrclevandam
1130 1787 1173 1838 via
1199 1783 1236 1840 t'b.
1262 1801 1319 1852 arg.
1349 1787 1363 1838 3
1388 1791 1528 1842 —aeliva
1555 1795 1615 1840 sunt
1644 1787 1770 1842 nobiliora
1806 1801 1905 1856 querite
1922 1799 2112 1850 emanationem
2142 1793 2201 1850 pipp
2226 1795 2254 1848 V,
2277 1797 2397 1852 persona
2423 1805 2450 1850 94

449 1879 621 1942 indigentiam
638 1877 802 1940 corporalem
820 1877 855 1928 Ν
873 1875 925 1928 368
943 1889 957 1928 9
977 1901 1011 1914 -
1025 1887 1095 1928 9949-
1129 1871 1164 1926 t'b.
1182 1889 1239 1940 arg.
1260 1873 1277 1926 4
1294 1901 1330 1914 -
1351 1877 1430 1928 Terra
1448 1883 1476 1928 94
1493 1891 1560 1944 aqua
1580 1883 1640 1928 sunt
1660 1877 1772 1928 maxime
1811 1879 1842 1932 V.
1859 1881 2014 1950 4449449949,-
2034 1883 2066 1938 99
2085 1883 2294 1940 emanationibus
2312 1885 2446 1940 divinisin

450 1967 565 2018 maniter
583 1967 650 2018 dicta
671 1971 708 2018 est
729 1979 892 2030 omneopus
913 1965 1014 2030 pietatis
1033 1977 1095 2030 pro·
1129 1961 1262 2016 sensibilia
1282 1971 1307 2018 et
1325 1967 1483 2032 portabilia,
1501 1967 1547 2018 994
1570 1973 1597 2018 94
1618 1967 1686 2030 iguis
1712 1969 1771 2018 suat
1802 1983 1905 2032 genere
1927 1971 1959 2024 V.
1978 1973 2125 2040 Processio,
2154 1977 2179 2026 in
2206 1977 2292 2042 specie
2317 1973 2345 2028 V.
2366 1975 2449 2030 Getta·
2537 2001 2539 2006 v

449 2057 519 2108 4444449
539 2057 703 2120 impensum,
723 2057 780 2106 sive
799 2053 947 2120 spirituale,
969 2053 1026 2104 sive
1040 2065 1094 2104 eor·
1130 2051 1251 2106 sensibus
1271 2055 1365 2104 nostris
1383 2055 1484 2108 occulta
1503 2055 1521 2106 il
1540 2053 1593 2106 366
1611 2051 1637 2106 d.
1659 2055 1668 2104 l
1805 2055 1876 2110 49449
1896 2063 1920 2110 et
1943 2059 1973 2112 V.
1991 2057 2127 2126 Spirott'o;
2147 2063 2179 2114 de
2192 2065 2357 2116 emanatione
2376 2079 2447 2118 crea·

450 2145 555 2210 994949,
573 2145 791 2196 communissima
809 2155 886 2194 944499
906 2155 975 2208 optus
994 2141 1094 2194 miseri·
1182 2167 1219 2180 ··-
1237 2147 1297 2192 sunt
1314 2143 1466 2208 imperfecta
1486 2141 1631 2194 secundum
1659 2147 1772 2210 quatuor
1805 2149 1878 2198 turae
1898 2159 1912 2198 a
1931 2147 1985 2200 [teo
2008 2149 2037 2200 V,
2055 2147 2163 2204 creatio
2180 2159 2208 2204 01
2230 2151 2259 2204 p,
2279 2151 2423 2208 propugno

449 2233 555 2288 cordiae
572 2235 630 2288 sive
647 2233 766 2300 proximo
787 2235 843 2284 sive
866 2231 916 2284 sibi
941 2231 1092 2296 impensum
1129 2231 1265 2294 qualitales
1292 2231 1323 2282 Ν
1351 2231 1419 2282 4046
1442 2245 1457 2282 9
1484 2245 1523 2296 sq.
1549 2257 1583 2270 ··-
1605 2233 1691 2282 omnia
1712 2237 1770 2296 post
1858 2237 2008 2288 8944944444
2037 2265 2071 2278 -
2099 2243 2200 2304 patrem
2230 2243 2381 2308 relinquant
2412 2243 2446 2294 Ν

449 2321 484 2378 t'b.
504 2321 519 2374 b
539 2349 575 2362 -
593 2329 633 2376 est
650 2335 720 2388 opas
740 2319 933 2374 miserirordiae
950 2321 994 2372 vel
1013 2321 1091 2372 etiam
1130 2319 1244 2372 bominis
1260 2319 1365 2384 lapsum
1391 2325 1451 2372 sunt
1478 2319 1629 2372 deteriorata
1650 2321 1682 2372 444
1701 2321 1736 2372 79
1754 2333 1770 2372 a
1805 2323 1890 2376 8799

449 2413 563 2466 iustitiae
581 2411 615 2464 Ν
634 2411 687 2462 377
706 2411 733 2462 9.
752 2411 768 2464 6
785 2437 822 2450 -·
840 2425 891 2462 999
905 2415 944 2462 994
956 2413 1031 2462 994449
1043 2409 1094 2460 vir·
1130 2405 1535 2474 -puvgabunturavetastate
1548 2409 1722 2472 corruptionis
1736 2409 1769 2458 Ν
1859 2413 2304 2468 43444449-44999499499949144
2334 2419 2445 2470 sormam

449 2501 510 2554 tutis
528 2507 558 2552 ut
575 2509 648 2552 actus
668 2501 786 2564 exterior,
806 2499 853 2552 sed
872 2503 900 2552 ut
917 2495 1094 2550 actusvolun·
1129 2495 1181 2548 979
1196 2509 1227 2548 a.
1247 2495 1298 2548 993
1317 2495 1335 2548 b
1354 2523 1389 2534 -··
1410 2495 1594 2562 purgabuntur
1612 2499 1767 2562 perignem
1804 2507 1830 2552 94
1848 2501 1977 2570 liguram,
1997 2517 2065 2570 qnae
2090 2511 2128 2558 est
2155 2505 2289 2570 dispositio
2313 2507 2445 2558 sufficiens

449 2589 612 2642 4999444794
625 2585 871 2654 a*-perunetad
883 2589 964 2638 4449444
979 2585 1092 2636 activam
1128 2583 1164 2636 90
1181 2585 1329 2650 4949944949
1349 2585 1381 2636 Ν
1410 2585 1460 2638 978
1484 2583 1521 2636 3*.
1547 2585 1599 2636 979
1619 2583 1769 2650 3*-post
1803 2591 1837 2642 ad
1862 2591 2029 2644 eductionem
2053 2593 2234 2646 membrorum
2261 2595 2445 2662 44300999.

351 2753 353 2758 y
449 2679 482 2730 Ν
497 2675 786 2730 3699-949499499
800 2679 948 2740 proximum
962 2671 1091 2726 tvaoab
1128 2673 1253 2726 iudicium
1274 2683 1401 2740 anartium
1415 2675 1446 2726 99
1460 2671 1629 2726 substantiam
1650 2687 1770 2726 remano·
1803 2685 1916 2732 -aute
1934 2681 2091 2744 completam
2109 2685 2293 2737 animationem
2309 2691 2349 2736 est
2365 2687 2392 2736 444
2411 2699 2442 2738 eo

503 2795 537 2808 -
557 2767 700 2834 corporalis
718 2765 915 2832 septimembris
933 2769 1093 2828 contrascp·
1128 2759 1206 2826 btrnt,
1229 2761 1274 2814 sed
1294 2771 1421 2830 quantum
1445 2763 1479 2816 ad
1503 2763 1639 2830 4499949499
1661 2765 1769 2816 innova·
1803 2769 1956 2822 sensualitas
1986 2775 2013 2822 94
2042 2771 2176 2838 dispositio
2204 2771 2346 2840 sentiendi,
2374 2781 2442 2840 quae

449 2863 501 2912 tem
520 2855 636 2910 drieelus
655 2855 1092 2922 corporisvelanimaeutuuitae
1128 2849 1227 2904 buntur
1244 2851 1278 2904 Ν
1298 2855 1382 2906 9939
1411 2879 1443 2890 -
1469 2851 1608 2906 blanebunt
1631 2853 1768 2920 qualitates
1803 2863 1842 2910 est
1860 2859 1884 2908 ia
1906 2865 1965 2912 aeta
1983 2861 2079 2914 virtute
2098 2861 2223 2924 spirituali
2242 2861 2442 2928 movente,srd

448 2949 552 3014 corpori
576 2947 612 3000 Ν
630 2945 682 2998 379
701 2945 729 3000 d.
749 2949 763 3000 9
788 2973 824 2986 -
848 2945 990 3012 spiritualis
1012 2945 1092 3008 septi·
1127 2941 1245 2994 omnium
1259 2942 1447 2996 elementorum
1462 2949 1587 3010 qrtaatam
1602 2941 1633 2994 ad
1648 2943 1768 2996 substan·
1804 2961 1856 3000 non
1874 2949 1976 3012 9949944
1992 2963 2091 3016 corpus
2109 2951 2127 3002 44
2147 2949 2199 3004 749
2219 2965 2241 3014 9,
2264 2949 2291 3002 4*

449 3035 576 3088 9499444449
593 3035 654 3090 4049.
676 3065 708 3074 -
728 3035 870 3102 spiritualis
886 3041 927 3086 est
943 3033 1049 3098 dignior
1066 3041 1092 3086 et
1128 3029 1203 3092 tiam,
1225 3029 1270 3082 scd
1291 3039 1417 3098 qtramum
1430 3031 1463 3082 ad
1478 3033 1604 3084 rationem
1622 3033 1768 3094 corruptiu-
1856 3037 1950 3090 Eaprto
1969 3065 2003 3078 ...
2022 3041 2295 3108 03t301050x10s10p‚
2316 3041 2361 3108 qur
2381 3053 2443 3094 eon·

449 3125 569 3188 nobilior,
587 3125 633 3176 scd
653 3125 798 3188 corporalis
815 3131 855 3176 est
878 3123 1038 3174 manifestior
1056 3119 1089 3174 40.
1127 3119 1169 3170 949
1186 3119 1344 3171 innovantur
1357 3119 1389 3170 l'b.
1404 3119 1470 3170 b-
1481 3133 1572 3170 corum
1593 3121 1660 3170 actio
1677 3125 1766 3170 mutua
1803 3125 1922 3190 sequitur
1939 3133 2100 3178 contractum
2118 3131 2273 3182 exteriorem
2297 3131 2366 3182 circa
2386 3143 2442 3182 pem

449 3215 474 3266 d.
495 3215 510 3264 3
527 3237 565 3252 -
581 3213 722 3278 praecipua
743 3215 781 3262 est
801 3213 932 3264 rernittere
953 3215 1089 3272 peccatum
1128 3211 1188 3270 post
1205 3209 1422 3260 resurrectionem
1445 3205 1558 3260 cessabit
1574 3205 1609 3258 Ν
1628 3207 1679 3258 998
1697 3221 1714 3258 9
1732 3233 1767 3244 -—
1803 3211 1835 3262 Ν
1855 3213 1907 3262 708
1927 3211 1956 3264 4*
1973 3241 2008 3256 -
2028 3229 2078 3266 nou
2099 3221 2151 3278 est,
2169 3215 2216 3270 ubi
2235 3231 2286 3268 uon
2304 3219 2443 3270 intervenit

449 3303 568 3368 prosimu
584 3300 619 3352 Ν
638 3299 690 3352 lla
708 3299 736 3352 d.
754 3299 768 3350 4
782 3327 818 3338 --
830 3299 958 3352 Remissio
973 3299 1091 3350 9999949-
1127 3293 1267 3362 Qualitales
1288 3299 1398 3348 activae
1406 3301 1466 3362 post
1485 3295 1611 3348 iudicium
1625 3309 1675 3348 nott
1690 3291 1782 3348 ltabc-v
1802 3303 1887 3366 pactio
1908 3301 1939 3354 IV
1960 3301 2009 3354 648
2032 3299 2059 3356 5*
2076 3329 2112 3342 -
2128 3305 2155 3356 Si
2168 3305 2305 3358 intervenit
2317 3319 2392 3358 error
2405 3321 2442 3360 so·

448 3405 510 3444 natm
530 3391 678 3444 continetur
695 3389 746 3442 sub
764 3389 930 3452 eleemosyna
949 3389 983 3440 Ν
997 3387 1047 3440 399
1061 3383 1089 3440 5*
1127 3383 1192 3436 09444
1211 3385 1336 3436 rationem
1357 3383 1450 3448 agendi
1472 3393 1543 3438 etse
1562 3381 1765 3450 multiplicandi,
1802 3389 1857 3440 lum
1884 3391 1911 3440 in
1938 3395 2025 3444 urente
2051 3393 2175 3458 ementis,
2195 3395 2293 3458 emptio
2311 3395 2394 3460 valct;
2419 3397 2439 3448 si

502 3507 536 3520 -
556 3479 633 3532 994994
651 3479 706 3530 9944
726 3491 757 3530 94
776 3479 890 3542 propriis
909 3477 928 3528 44
947 3475 999 3528 934
1019 3475 1046 3528 9.
1065 3477 1089 3526 9.
1126 3473 1173 3524 sed
1184 3473 1318 3540 qualitates
1329 3473 1448 3536 passivae
1459 3473 1626 3538 perficientur
1638 3481 1765 3538 qnantum
1802 3489 1888 3530 autem
1909 3481 2004 3532 tuentio
2024 3479 2148 3534 44449994
2168 3481 2200 3534 99
2220 3497 2293 3546 94449,
2312 3489 2338 3536 94
2351 3485 2442 3536 rendi-

448 3569 481 3620 lV
501 3569 552 3620 370
572 3567 599 3620 0.
619 3565 669 3620 378
689 3565 835 3618 9.7-94
855 3569 887 3618 944
905 3563 1087 3626 satisfactoria,
1126 3559 1158 3612 ad
1188 3563 1392 3614 continuandam
1422 3563 1446 3614 in
1475 3563 1593 3618 essetV
1621 3561 1767 3614 99344-
1803 3573 1858 3620 444444
1877 3569 2112 3622 estauricbaleam
2133 3583 2181 3636 pre
2201 3585 2351 3634 auro,non
2373 3579 2442 3626 tenet

449 3655 792 3722 9994999944,9444944994444
806 3655 956 3706 4994994949
969 3659 996 3706 94
1008 3655 1087 3706 499944
1125 3653 1211 3704 949949
1232 3653 1449 3704 949444494949999
1476 3653 1500 3702 49
1526 3651 1639 3714 4949499,
1661 3665 1711 3702 999
1733 3651 1766 3704 dl·
1803 3661 2115 3722 conlppcrps‚0101110ns
2138 3659 2218 3712 tappet
2240 3661 2283 3712 jug
2306 3661 2440 3728 repetenda

446 3751 471 3800 ct
491 3747 619 3812 possideri
637 3747 720 3812 possit
739 3745 768 3798 Ν
791 3745 842 3798 370
857 3745 875 3796 44
887 3773 923 3782 -
936 3751 1020 3808 potest
1033 3743 1088 3794 lieri
1125 3743 1215 3792 stincta
1228 3755 1275 3792 999
1285 3741 1412 3806 94949949,
1423 3739 1469 3792 9944
1481 3741 1587 3794 9994999
1598 3739 1692 3792 444998
1702 3753 1728 3806 9,
1738 3739 1766 3792 3*
1803 3747 1915 3810 pretium
1935 3747 1963 3798 444
1984 3749 2035 3798 949
2054 3745 2092 3800 9*.
2111 3749 2144 3800 Ν
2166 3749 2217 3800 708
2239 3745 2268 3800 4*
2290 3777 2328 3788 -
2351 3749 2442 3804 Curius

448 3835 481 3888 de
501 3837 593 3890 iniuste
614 3835 761 3902 acquisitis,
777 3835 805 3884 in
818 3833 915 3900 quibus
929 3829 1032 3884 nonest
1046 3831 1089 3884 ob·
1179 3829 1302 3882 84444449
1315 3857 1350 3868 -
1364 3831 1476 3880 Potentia
1489 3841 1541 3880 non
1553 3843 1635 3896 perso
1649 3829 1766 3882 elevatur·
1803 3833 1914 3886 babetur
1932 3835 2002 3902 qnod
2023 3837 2118 3890 9494494
2137 3851 2217 3904 cruam
2243 3839 2368 3902 prelium,
2388 3853 2441 3906 quo

448 3927 536 3992 ligatio
550 3925 709 3988 rcsliluundi,
722 3931 828 3990 9494499
841 3935 893 3974 nou
908 3923 1003 3974 44449949
1015 3921 1088 3974 4444449
1125 3931 1204 3980 super
1223 3931 1265 3980 se,
1284 3917 1329 3968 secl
1352 3931 1397 3982 per
1422 3917 1531 3968 virtutes
1551 3917 1557 3968 i
1577 3915 1612 3968 45
1631 3917 1657 3968 9.
1682 3917 1727 3970 lo.
1746 3917 1763 3968 44
1802 3925 1912 3990 emitur,
1937 3927 1959 3974 st
1991 3927 2103 3988 pretium
2135 3927 2169 3980 ab
2200 3933 2302 3980 emente
2335 3929 2440 3980 omnim,

447 4021 471 4068 et
492 4013 558 4066 mala
578 4013 630 4066 ilde
648 4013 817 4076 possidentur
834 4011 869 4062 Ν
887 4009 934 4062 374
951 4025 966 4060 9
981 4023 1089 4074 -pro-
1125 4007 1177 4058 490
1191 4003 1220 4058 9*
1233 4031 1268 4044 -
1279 4007 1402 4058 Naturam
1417 4005 1511 4058 elevari
1525 4019 1606 4070 sopra
1619 4019 1695 4058 suum
1707 4019 1764 4058 esse
1802 4011 1928 4064 alienatur
1944 4013 1974 4064 444
1992 4013 2046 4064 705
2064 4013 2094 4064 4*
2116 4013 2178 4068 Vitio
2201 4015 2232 4068 V.
2256 4013 2377 4070 Vertdillo

423 4145 425 4150 .
448 4103 506 4170 prie
524 4115 575 4154 non
593 4101 623 4154 94
640 4099 675 4154 99
693 4101 827 4166 superfluo
846 4099 1000 4164 simpliciter
1017 4097 1051 4150 444.
1070 4097 1088 4150 44
1125 4109 1173 4160 per
1186 4097 1363 4160 cognitionem
1376 4101 1401 4146 et
1415 4107 1532 4146 amorem
1546 4099 1584 4148 est
1602 4095 1727 4160 possibile
1740 4099 1764 4146 et
1856 4101 1993 4154 9999444999
2010 4127 2048 4140 -
2064 4101 2122 4154 pipp
2149 4101 2175 4154 V,
2195 4103 2306 4158 Capram

500 4217 534 4230 -·
554 4189 633 4244 debet
650 4187 705 4242 lieri
725 4203 757 4240 ex
776 4189 890 4252 propriis
902 4187 945 4238 vel
958 4201 1006 4252 per
1020 4189 1089 4252 prin·
1125 4185 1242 4238 naturate
1255 4185 1272 4236 44
1285 4185 1335 4238 496
1352 4181 1514 4250 t*-gvatia
1525 4185 1611 4236 elevat
1622 4185 1762 4248 potentiam
1856 4189 1964 4242 9444444944
1984 4217 2018 4228 -
2037 4191 2130 4244 9494494
2149 4193 2224 4258 qnasi
2242 4193 2350 4244 interior
2366 4193 2441 4246 labor

444 4281 528 4346 ripale
549 4279 708 4342 dominium,
732 4277 773 4328 494
800 4291 847 4342 per
872 4277 989 4330 alliciam
1008 4277 1088 4328 aduri·
1125 4273 1198 4328 libori
1213 4273 1312 4326 arbitrii
1325 4273 1359 4326 ad
1372 4287 1451 4338 opera
1466 4273 1597 4326 meritoria
1615 4273 1632 4324 44
1647 4271 1698 4324 945
1712 4275 1730 4324 4.
1748 4273 1762 4324 3
1802 4275 1835 4328 ab
1855 4291 1885 4328 en
1906 4285 1930 4330 et
1947 4291 2031 4342 ergon
2051 4279 2067 4330 44
2089 4277 2139 4330 934
2159 4279 2176 4334 b

445 4367 570 4423 lustrandi
582 4367 616 4420 444
631 4365 924 4430 iitlb-iieligiosus
937 4379 988 4418 non
1004 4371 1089 4430 potest
1125 4391 1160 4402 -
1178 4363 1297 4426 liabitas,
1316 4363 1362 4430 atri
1380 4361 1484 4414 elevant
1502 4369 1762 4426 nataramsuprasc‚
1856 4367 2327 4422 64999944444-4999449444494944
2353 4369 2440 4424 9340

446 4457 508 4510 9949
529 4457 741 4522 eleemosynam,
767 4457 905 4520 superiora
934 4455 1087 4520 probibente
1126 4463 1186 4506 sunt
1198 4453 1275 4504 iratast
1296 4467 1310 4504 9
1328 4453 1384 4504 solo
1400 4451 1453 4504 Dee
1467 4451 1565 4504 49499
1577 4449 1764 4504 3*-044999
1801 4481 1836 4492 -
1855 4455 1879 4508 lu
1900 4455 2031 4508 4999449449
2054 4469 2295 4520 energumenorum
2320 4459 2439 4512 diabolus

443 4543 507 4600 laid.
524 4573 561 4586 -
578 4547 648 4598 Uxor
667 4545 700 4598 de
725 4543 803 4598 bonis
826 4543 1014 4596 corunmnibus
1036 4557 1086 4596 non
1124 4543 1235 4596 virtutes
1259 4543 1386 4606 gratuitae
1415 4541 1530 4610 quodam
1558 4541 1636 4592 modo
1662 4541 1764 4592 elevant
1801 4547 1840 4594 est
1859 4543 1941 4596 4444449
1961 4545 2136 4610 principaliter
2156 4559 2266 4598 movens
2285 4551 2309 4598 et
2325 4547 2441 4612 dirigens

445 4639 528 4700 potest
546 4636 741 4700 eleemosynam
761 4635 845 4684 499949
866 4641 954 4686 999449
981 4631 1086 4684 manlie-
1125 4637 1291 4696 94994949,94
1305 4631 1416 4682 4449444949
1430 4631 1539 4682 44449449
1556 4631 1718 4694 theologicae
1736 4629 1763 4682 444
1802 4631 1818 4682 44
1839 4631 1890 4684 519
1911 4631 1968 4684 ‹tl

445 4729 511 4778 94994
530 4723 692 4776 voluntalem
711 4723 762 4772 viri
779 4719 841 4774 ibid.
1125 4719 1176 4772 576
1196 4721 1213 4772 4.
1234 4719 1250 4772 5
1267 4747 1304 4760 -
1322 4721 1406 4784 944949
1434 4721 1548 4772 bominis
1568 4733 1648 4784 supra
1673 4733 1700 4770 se
1726 4725 1763 4772 cst
1854 4721 2029 4774 Eas-ulnter
2047 4721 2145 4774 999944
2165 4721 2215 4774 aiio
2233 4727 2258 4774 et
2271 4737 2322 4776 nou
2343 4723 2375 4776 ab
2390 4726 2439 4777 9449

498 4841 532 4854 -
552 4813 672 4864 transiet-t
690 4811 835 4862 dominium
850 4811 876 4862 49
889 4823 1033 4874 pauperem
1049 4823 1087 4862 ve·
1125 4811 1149 4860 in
1174 4809 1239 4874 lide,
1258 4809 1428 4862 settsumma
1451 4817 1478 4862 et
1502 4807 1631 4874 conpleta
1658 4809 1683 4860 in
1704 4817 1761 4860 aeta
1802 4823 1852 4862 non
1871 4817 1911 4862 cst
1928 4811 2046 4862 4449949444
2065 4811 2084 4862 44
2103 4809 2136 4864 34
2156 4811 2208 4864 ii
2231 4839 2265 4852 -
2288 4813 2364 4878 Quod
2388 4827 2438 4866 non

446 4903 584 4966 cipienlem
603 4901 637 4954 Ν
656 4901 708 4952 399
728 4899 775 4952 tt
801 4925 835 4938 ·-
855 4907 975 4964 tempore
1000 4911 1088 4952 neces·
1124 4899 1237 4952 caritatis
1255 4899 1284 4950 444
1305 4895 1357 4950 994
1377 4895 1413 4948 4*.
1434 4897 1465 4948 Ν
1486 4897 1553 4948 699
1800 4903 1839 4952 994
1858 4897 1890 4950 ab
1918 4899 1968 4952 9149
1992 4907 2063 4952 9949
2090 4915 2117 4952 99
2142 4901 2200 4966 ipso
2232 4901 2249 4952 ll
2278 4901 2310 4954 45
2330 4901 2382 4952 nt
2405 4931 2439 4940 -

445 4991 526 5043 sitatis
552 4995 637 5054 polest
659 4989 727 5054 exigi
752 4993 775 5040 et
795 4987 876 5052 recipi
894 4987 912 5038 lt
934 4985 986 5038 905
1005 4985 1033 5038 9*
1052 5013 1087 5026 -
1178 4987 1249 5040 94449
1266 5015 1302 5024 -
1319 4985 1449 5038 eminebat
1463 4987 1489 5036 ia
1502 4985 1688 5036 miraculorum
1700 4999 1764 5050 otte·
1801 4987 1876 5054 444499
1890 5001 1941 5040 999
1960 4997 1999 5042 994
2010 4987 2046 5040 ab
2063 4989 2178 5042 alienon
2191 4997 2354 5054 estproptev
2367 4991 2439 5044 aliud

445 5081 513 5132 licite
531 5083 617 5144 potest
635 5077 714 5142 recipi
734 5091 751 5128 a
770 5075 844 5128 malis
857 5073 919 5130 49444.
932 5077 960 5128 444
974 5075 1025 5128 879
1040 5075 1086 5128 ts
1124 5075 1222 5128 ratione
1243 5075 1249 5126 4
1268 5075 1320 5126 975
1340 5075 1368 5126 d.
1386 5075 1412 5126 3.
1431 5075 1461 5126 Ν
1483 5075 1533 5126 938
1560 5075 1584 5126 9.
1612 5075 1626 5126 9
1651 5099 1695 5120 -.
1711 5087 1761 5126 999
1800 5073 1833 5130 ib.
1853 5079 1869 5128 4.
1888 5075 1905 5128 5
1927 5103 1962 5114 ·-
1985 5077 2069 5130 Posito
2089 5083 2147 5130 ente
2171 5077 2242 5132 linito
2267 5085 2294 5130 et
2316 5077 2437 5144 limitato,

496 5193 532 5206 -
551 5165 717 5220 Conrlitiones
738 5165 899 5218 necessariae
917 5171 944 5216 et
961 5165 1036 5217 utiles
1056 5179 1086 5216 944
1124 5165 1218 5234 4444949
1238 5165 1359 5228 propria,
1379 5163 1425 5214 sed
1448 5165 1546 5216 virtute
1568 5163 1704 5228 superiore
1724 5177 1763 5214 as·
1801 5167 1905 5232 ponitur
1923 5179 1970 5216 cns
1988 5179 2121 5218 9944494949
2141 5167 2150 5218 4
2171 5165 2222 5216 453
2241 5167 2256 5218 l.
2278 5169 2343 5216 6-
2357 5169 2380 5218 84
2402 5175 2439 5222 994

446 5267 519 5324 parte
538 5257 625 5308 4494449
642 5261 667 5308 ct
686 5255 836 5318 accipientis
855 5255 888 5306 Ν
907 5255 959 5306 378
981 5255 1008 5306 d.
1022 5253 1087 5306 7-
1124 5255 1228 5306 sistente
1247 5253 1353 5306 vocavit
1371 5255 1458 5324 ignem
1478 5251 1511 5304 de
1529 5251 1602 5304 caelo
1621 5249 1653 5304 ad
1674 5265 1764 5304 99999·
1801 5269 1848 5306 999
1866 5267 1913 5320 [494
1926 5255 2161 5318 participationem,
2175 5261 2214 5306 est
2227 5269 2274 5306 eus
2287 5269 2334 5318 per
2352 5269 2443 5308 essen·¹

445 5345 516 5398 Ordo
534 5343 684 5396 servandas
701 5345 777 5396 estin
791 5341 986 5396 conditionibus
1002 5355 1087 5396 neces·
1124 5341 1235 5394 mendos
1260 5343 1354 5396 milites
1379 5343 1552 5394 irreverentes
1574 5339 1609 5392 Ν
1631 5341 1683 5392 938
1701 5339 1728 5392 d.
1748 5339 1762 5390 9
1801 5345 1863 5396 tiam
1880 5347 1907 5396 ct
1926 5357 1977 5394 non
2001 5341 2106 5396 abalio
2132 5344 2139 5395 4
2160 5341 2211 5396 455
2230 5357 2244 5396 9
2265 5369 2301 5382 -
2322 5357 2401 5396 omne
2424 5359 2437 5396 a

445 5435 520 5488 sariis
536 5431 598 5488 40444.
619 5459 654 5474 --
672 5431 814 5498 spiritualis
831 5433 918 5496 primo
938 5431 1086 5486 9999994444
1122 5459 1158 5470 -
1178 5437 1202 5484 et
1219 5431 1326 5484 ilenoclt
1339 5435 1528 5482 conservantur
1541 5431 1566 5482 in
1579 5429 1702 5494 paradiso
1715 5443 1763 5496 por
1801 5447 1905 5486 summo
1919 5439 1977 5486 ente
1995 5431 2114 5498 94999944
2129 5431 2148 5484 44
2166 5425 2217 5482 844
2237 5433 2253 5484 4.
2273 5433 2370 5486 6-9
2385 5435 2439 5486 Deo

446 5525 473 5576 444
495 5521 543 5576 643
566 5523 583 5574 l.
600 5521 627 5576 3.
646 5521 680 5576 Ν
700 5521 751 5572 368
770 5519 797 5574 b.
818 5519 870 5572 377
889 5519 914 5572 9.
936 5519 951 5572 4
1124 5533 1198 5572 esum
1217 5519 1281 5586 ligni
1301 5519 1371 5572 vilae
1389 5533 1473 5586 usqae
1497 5517 1530 5570 ad
1556 5519 1696 5570 antiebristi
1720 5517 1763 5570 90·
1802 5535 1852 5574 999
1866 5527 1950 5588 potest
1965 5535 2023 5574 esse
2036 5519 2142 5586 aliquid,
2154 5519 2227 5588 quaa
2241 5527 2292 5572 non
2305 5521 2339 5576 sit
2351 5523 2438 5590 aliquo

499 5639 533 5652 --
552 5611 647 5664 resistit
664 5611 777 5676 peccatis
796 5609 829 5662 Ν
848 5609 899 5660 858
913 5623 929 5660 9
942 5637 977 5648 ·-
990 5615 1087 5676 estap-
1124 5617 1233 5662 ventum
1252 5609 1269 5660 44
1290 5607 1341 5660 467
1361 5621 1416 5672 arg.
1437 5609 1452 5660 3
1801 5611 1880 5664 949449
1898 5625 1945 5662 999
1964 5611 1983 5662 ll
2001 5609 2053 5660 874
2071 5609 2088 5660 4.
2110 5609 2124 5660 3

446 5701 579 5768 propriata
596 5705 686 5752 contra
699 5699 937 5764 concupiscentiam
950 5699 1086 5752 oculorum
1178 5699 1315 5750 89944944
1331 5723 1369 5734 -
1388 5697 1556 5762 9499094949
1572 5693 1606 5748 99
1624 5697 1762 5762 praeterito
1853 5727 1887 5738 -·
1899 5699 2061 5752 substantive
2074 5695 2174 5750 dictum
2192 5711 2244 5752 non
2257 5699 2335 5752 4494444
2349 5713 2436 5752 99499-

447 5789 479 5842 444
500 5789 550 5840 398
572 5787 643 5840 44-
663 5795 804 5860 praeparat
827 5787 862 5840 ad
887 5789 1013 5852 gratiam,
1033 5801 1086 5854 qna
1124 5786 1152 5838 444
1173 5783 1223 5840 649
1244 5783 1272 5838 3*
1800 5803 1860 5842 ram
1877 5777 2002 5854 altitude,
2018 5787 2126 5854 quando
2153 5801 2219 5840 vero
2243 5795 2346 5842 tenetur
2371 5789 2439 5842 9949·

447 5865 711 5942 aeecpta‚'satistaeit
729 5877 763 5930 Ν
782 5877 834 5930 353
854 5875 926 5930 b-
944 5881 982 5928 est
1001 5879 1039 5928 949
1060 5891 1087 5928 o·
1179 5875 1372 5928 Etoroarto—
1389 5873 1438 5926 Per
1460 5873 1651 5938 elongationem
1681 5891 1694 5928 9
1723 5889 1763 5928 re·
1799 5879 1881 5942 clive,
1911 5877 1988 5930 trabit
2013 5889 2187 5930 numerumn
2211 5879 2364 5942 supposita,
2387 5891 2448 5936 non,

446 5967 551 6036 rationis
571 5965 603 6018 Ν
623 5963 880 6020 39844-49944949
893 5967 961 6018 494494
974 5963 1008 6018 99
1020 5979 1086 6032 aug·
1124 5963 1761 6032 ctitudinobonrtmpatestinltniteminui,quin
1799 5965 1966 6030 multiplicata
1986 5965 2068 6018 torma
2089 5965 2096 6016 4
2116 5963 2216 6018 4444*
2235 5963 2286 6018 446
2306 5965 2367 6020 9.3
2398 6031 2399 6034 ¹

395 6043 397 6048 ¹
444 6041 563 6110 mantum
583 6055 682 6120 gratiae
704 6067 753 6120 per
775 6053 988 6108 intercessionem
1014 6053 1088 6108 debi·
1123 6055 1230 6106 94944499
1244 6053 1354 6124 49449494·
1372 6053 1390 6104 44
1409 6049 1460 6104 834
1480 6065 1496 6104 9
1513 6053 1626 6120 949835
1643 6051 1762 6120 9,4*-
1852 6055 2004 6108 8444444449
2024 6083 2059 6094 -
2082 6053 2117 6108 de
2144 6055 2198 6106 Deo
2226 6053 2253 6106 ilt
2281 6055 2438 6122 improprie,

444 6155 531 6206 torum
550 6143 585 6198 Ν
604 6143 654 6196 399
676 6143 694 6196 b
1123 6155 1137 6194 9
1157 6141 1210 6194 [teo
1228 6139 1287 6194 9499
1310 6141 1338 6194 V.
1358 6141 1500 6210 Separatio
1799 6143 1862 6210 quia
1879 6143 1905 6194 ln
1924 6143 2081 6196 enuntiando
2101 6149 2139 6196 ast
2156 6143 2310 6208 compositio
2322 6143 2331 6194 4
2345 6143 2394 6194 396
2415 6143 2438 6194 l*
2538 6217 2541 6224 .

497 6261 532 6274 -
550 6233 636 6286 949494
646 6233 708 6284 9949
719 6245 752 6284 ex
764 6231 867 6298 aequali
879 6233 984 6284 caritate
998 6233 1086 6298 dispo·
1175 6233 1305 6284 9444444449
1325 6257 1363 6270 -
1383 6233 1469 6284 omnis
1487 6231 1531 6282 rel
1555 6237 1593 6284 est
1613 6233 1759 6296 generatio,
1805 6227 1867 6284 Vide
1890 6229 1918 6284 V.
1933 6231 2002 6286 Deus
2020 6227 2062 6286 40
2080 6233 2108 6286 94
2127 6231 2156 6284 V.
2176 6231 2328 6302 complexio
2348 6261 2382 6270 —
2403 6233 2437 6286 09

442 6325 520 6378 sitive
543 6323 630 6388 magis
653 6325 733 6388 auget
759 6321 882 6375 meritum
905 6322 925 6372 ll
944 6321 996 6374 999
1015 6321 1032 6374 b
1051 6351 1086 6362 -
1122 6323 1163 6374 494
1183 6321 1215 6374 99
1229 6321 1425 6386 generationem
1442 6323 1624 6386 consequitur,
1642 6333 1710 6386 atrae
1724 6323 1763 6370 est
1799 6321 1974 6374 enuntiatione
1995 6321 2058 6374 laisa
2081 6322 2161 6374 relate
2180 6321 2212 6374 ad
2233 6323 2277 6374 Dci
2297 6323 2437 6388 potentiam

352 6479 353 6482 Ἴ
444 6413 528 6464 maior
551 6413 639 6476 tnagis
665 6411 751 6478 valet,
771 6409 918 6464 secandam
947 6409 1020 6476 quod
1041 6419 1086 6464 est
1123 6413 1206 6476 prima
1226 6411 1359 6464 emanatio
1382 6407 1459 6462 4503
1480 6425 1495 6462 9
1515 6435 1554 6448 --
1573 6407 1761 6476 99449944994949
1799 6407 1858 6464 oilie
1874 6409 1904 6462 V.
1916 6407 2054 6476 Falsilas,·
2065 6417 2182 6464 ceterum
2201 6413 2308 6464 consule
2326 6413 2438 6464 indicem

444 6503 528 6564 499494
545 6503 572 6552 49
590 6515 635 6568 99,
652 6501 696 6552 494
713 6501 739 6552 49
755 6499 950 6566 comparatione
962 6497 997 6550 ad
1009 6499 1086 6552 laeui·
1122 6505 1173 6566 est,
1192 6497 1238 6554 nbi
1261 6513 1388 6550 catenans
1405 6497 1485 6552 babet
1511 6513 1573 6550 eunt
1599 6485 1761 6564 producente
1801 6499 1892 6564 philos.
1916 6497 1945 6550 V.
1964 6497 2114 6566 Propotilt'o

443 6595 524 6642 talem·
541 6589 627 6642 dantis
644 6587 707 6644 iiia.
724 6603 767 6658 944.
785 6587 820 6642 Ν
838 6587 890 6640 378
909 6587 1085 6656 do-Qut
1121 6589 1305 6656 aequalilatem
1329 6587 1511 6640 utunimudam
1535 6595 1562 6642 et
1585 6587 1710 6640 unitatem
1736 6587 1761 6638 in
1853 6589 1968 6640 Erterctt
1985 6613 2021 6626 -
2040 6593 2064 6640 et
2076 6589 2213 6640 exceptrici
2227 6593 2437 6654 supponuntura

443 6681 494 6730 cito
520 6677 564 6730 4194
588 6677 630 6732 4449
648 6677 695 6732 994
713 6677 746 6731 Ν
766 6677 817 6730 379
836 6675 864 6730 d.
883 6679 899 6730 7
917 6705 954 6718 -
971 6677 1084 6730 murima
1121 6677 1265 6732 substantia
1290 6677 1298 6728 4
1319 6677 1370 6728 509
1392 6691 1407 6728 9
1429 6703 1465 6716 -
1486 6677 1512 6728 49
1538 6677 1578 6728 4449
1596 6671 1763 6728 interioribus
1800 6675 2437 6744 mathematicisinmotibusplunelarumlliibda

443 6771 480 6818 est
509 6769 533 6818 ln
562 6769 681 6820 99494994
713 6767 897 6834 temporalium
931 6765 1083 6820 dimissione
1122 6767 1195 6834 ponit
1211 6765 1389 6818 diversitatem
1406 6763 1764 6830 substantialem‚etprodu·
1853 6767 1988 6820 4444494444
2012 6791 2047 6806 *-
2071 6765 2097 6818 444
2123 6765 2166 6818 949
2189 6767 2364 6832 Epipltaniae,
2382 6779 2437 6834 quo

443 6855 474 6906 444
495 6855 545 6908 370
566 6855 601 6908 tii.
622 6855 672 6908 894
694 6855 720 6908 4*
1121 6861 1193 6910 ctum
1211 6863 1251 6908 est
1262 6857 1370 6910 99994449
1382 6859 1406 6908 94
1423 6859 1515 6908 994944
1533 6851 1665 6918 posterius
1683 6867 1763 6920 quam
1801 6853 1919 6908 Christus
1936 6859 1976 6908 est
1994 6853 2153 6922 baptizatus,
2168 6867 2218 6906 non
2231 6851 2377 6920 baptizatur
2395 6869 2437 6908 so-
