<?xml version="1.0" encoding="UTF-8"?>
<!DOCTYPE html PUBLIC "-//W3C//DTD XHTML 1.0 Transitional//EN"
    "http://www.w3.org/TR/xhtml1/DTD/xhtml1-transitional.dtd">
<html xmlns="http://www.w3.org/1999/xhtml" xml:lang="en" lang="en">
 <head>
  <title>
</title>
<meta http-equiv="Content-Type" content="text/html;charset=utf-8" />
  <meta name='ocr-system' content='tesseract 3.04.00' />
  <meta name='ocr-capabilities' content='ocr_page ocr_carea ocr_par ocr_line ocrx_word'/>
</head>
<body>
  <div class='ocr_page' id='page_1' title='image "./doctorisseraphi00italgoog_0249.png"; bbox 0 0 5784 8384; ppageno 0'>
   <div class='ocr_carea' id='block_1_1' title="bbox 308 589 2010 734">
    <p class='ocr_par' dir='ltr' id='par_1_1' title="bbox 308 589 2010 734">
     <span class='ocr_line' id='line_1_1' title="bbox 308 589 1479 664; baseline 0.005 -16"><span class='ocrx_word' id='word_1_1' title='bbox 308 597 371 664; x_wconf 74' lang='grc'>438</span> <span class='ocrx_word' id='word_1_2' title='bbox 1053 601 1055 606; x_wconf 81' lang='grc'><strong>’</strong></span> <span class='ocrx_word' id='word_1_3' title='bbox 1152 591 1266 656; x_wconf 82' lang='lat' dir='ltr'>tnnnn</span> <span class='ocrx_word' id='word_1_4' title='bbox 1288 589 1479 656; x_wconf 86' lang='lat' dir='ltr'>SECUNDUS</span> 
     </span>
     <span class='ocr_line' id='line_1_2' title="bbox 594 679 2010 734; baseline -0.001 0"><span class='ocrx_word' id='word_1_5' title='bbox 594 683 655 734; x_wconf 83' lang='grc'>444</span> <span class='ocrx_word' id='word_1_6' title='bbox 1952 679 2010 732; x_wconf 84' lang='grc'>444</span> 
     </span>
    </p>
   </div>
   <div class='ocr_carea' id='block_1_2' title="bbox 298 765 2339 6954">
    <p class='ocr_par' dir='ltr' id='par_1_2' title="bbox 298 765 2339 6954">
     <span class='ocr_line' id='line_1_3' title="bbox 309 765 2303 834; baseline -0.003 -10"><span class='ocrx_word' id='word_1_7' title='bbox 309 771 444 824; x_wconf 84' lang='grc'>4444444444</span> <span class='ocrx_word' id='word_1_8' title='bbox 465 771 520 824; x_wconf 87' lang='grc'>4444</span> <span class='ocrx_word' id='word_1_9' title='bbox 539 769 592 822; x_wconf 90' lang='lat' dir='ltr'>ilde</span> <span class='ocrx_word' id='word_1_10' title='bbox 609 777 764 834; x_wconf 86' lang='lat' dir='ltr'>parentum,</span> <span class='ocrx_word' id='word_1_11' title='bbox 783 765 832 820; x_wconf 87' lang='lat' dir='ltr'>sed</span> <span class='ocrx_word' id='word_1_12' title='bbox 854 781 951 832; x_wconf 90' lang='lat' dir='ltr'>paren-</span> <span class='ocrx_word' id='word_1_13' title='bbox 986 779 1038 818; x_wconf 91' lang='lat' dir='ltr'>non</span> <span class='ocrx_word' id='word_1_14' title='bbox 1058 771 1201 830; x_wconf 71' lang='lat' dir='ltr'>operentur</span> <span class='ocrx_word' id='word_1_15' title='bbox 1228 773 1337 830; x_wconf 89' lang='lat' dir='ltr'>propter</span> <span class='ocrx_word' id='word_1_16' title='bbox 1359 767 1477 830; x_wconf 89' lang='lat' dir='ltr'>corporis</span> <span class='ocrx_word' id='word_1_17' title='bbox 1504 765 1626 828; x_wconf 90' lang='lat' dir='ltr'>imperie-</span> <span class='ocrx_word' id='word_1_18' title='bbox 1715 795 1752 806; x_wconf 87' lang='lat'>-</span> <span class='ocrx_word' id='word_1_19' title='bbox 1770 769 1860 820; x_wconf 77' lang='lat' dir='ltr'>Auiola</span> <span class='ocrx_word' id='word_1_20' title='bbox 1881 765 1983 832; x_wconf 84' lang='grc' dir='ltr'>44444Ιί</span> <span class='ocrx_word' id='word_1_21' title='bbox 2012 767 2116 820; x_wconf 88' lang='grc'>4444444</span> <span class='ocrx_word' id='word_1_22' title='bbox 2135 771 2254 832; x_wconf 80' lang='lat' dir='ltr'>corpori,</span> <span class='ocrx_word' id='word_1_23' title='bbox 2273 771 2303 820; x_wconf 88' lang='lat' dir='ltr'>ut</span> 
     </span>
     <span class='ocr_line' id='line_1_4' title="bbox 308 851 2301 924; baseline -0.003 -12"><span class='ocrx_word' id='word_1_24' title='bbox 308 861 378 912; x_wconf 87' lang='lat' dir='ltr'>tibus</span> <span class='ocrx_word' id='word_1_25' title='bbox 399 859 547 912; x_wconf 89' lang='lat' dir='ltr'>inlidelibus</span> <span class='ocrx_word' id='word_1_26' title='bbox 566 861 693 924; x_wconf 83' lang='lat' dir='ltr'>parvulus</span> <span class='ocrx_word' id='word_1_27' title='bbox 713 857 871 910; x_wconf 84' lang='lat' dir='ltr'>salvarinon</span> <span class='ocrx_word' id='word_1_28' title='bbox 893 861 951 920; x_wconf 89' lang='lat' dir='ltr'>pot·</span> <span class='ocrx_word' id='word_1_29' title='bbox 985 857 1098 906; x_wconf 88' lang='lat' dir='ltr'>ctionem</span> <span class='ocrx_word' id='word_1_30' title='bbox 1118 855 1137 906; x_wconf 97' lang='lat' dir='ltr'>ll</span> <span class='ocrx_word' id='word_1_31' title='bbox 1160 853 1211 906; x_wconf 91' lang='grc'>489</span> <span class='ocrx_word' id='word_1_32' title='bbox 1230 853 1258 904; x_wconf 88' lang='lat' dir='ltr'>d.</span> <span class='ocrx_word' id='word_1_33' title='bbox 1277 855 1302 906; x_wconf 87' lang='grc'>6.</span> <span class='ocrx_word' id='word_1_34' title='bbox 1323 851 1354 904; x_wconf 89' lang='grc'>47</span> <span class='ocrx_word' id='word_1_35' title='bbox 1377 851 1426 904; x_wconf 87' lang='grc'>444</span> <span class='ocrx_word' id='word_1_36' title='bbox 1448 867 1461 906; x_wconf 94' lang='lat' dir='ltr'>a</span> <span class='ocrx_word' id='word_1_37' title='bbox 1480 867 1529 920; x_wconf 85' lang='lat' dir='ltr'>sq,</span> <span class='ocrx_word' id='word_1_38' title='bbox 1548 851 1626 906; x_wconf 82' lang='lat'>3*--</span> <span class='ocrx_word' id='word_1_39' title='bbox 1662 855 1725 906; x_wconf 89' lang='lat' dir='ltr'>illud</span> <span class='ocrx_word' id='word_1_40' title='bbox 1753 863 1881 920; x_wconf 91' lang='lat' dir='ltr'>perpetuo</span> <span class='ocrx_word' id='word_1_41' title='bbox 1907 855 2023 908; x_wconf 86' lang='lat' dir='ltr'>viviticat</span> <span class='ocrx_word' id='word_1_42' title='bbox 2048 861 2073 906; x_wconf 86' lang='grc'>44</span> <span class='ocrx_word' id='word_1_43' title='bbox 2090 859 2121 908; x_wconf 89' lang='lat' dir='ltr'>ut</span> <span class='ocrx_word' id='word_1_44' title='bbox 2138 855 2213 906; x_wconf 87' lang='lat' dir='ltr'>simul</span> <span class='ocrx_word' id='word_1_45' title='bbox 2241 867 2301 908; x_wconf 88' lang='lat' dir='ltr'>cum</span> 
     </span>
     <span class='ocr_line' id='line_1_5' title="bbox 307 941 2302 1012; baseline -0.003 -12"><span class='ocrx_word' id='word_1_46' title='bbox 307 955 362 1002; x_wconf 89' lang='lat' dir='ltr'>erat</span> <span class='ocrx_word' id='word_1_47' title='bbox 382 949 416 1000; x_wconf 86' lang='grc'>47</span> <span class='ocrx_word' id='word_1_48' title='bbox 434 947 470 1000; x_wconf 89' lang='grc'>34</span> <span class='ocrx_word' id='word_1_49' title='bbox 488 945 518 998; x_wconf 90' lang='grc'>3*</span> <span class='ocrx_word' id='word_1_50' title='bbox 536 975 571 986; x_wconf 89' lang='grc'>-</span> <span class='ocrx_word' id='word_1_51' title='bbox 591 945 705 998; x_wconf 84' lang='lat' dir='ltr'>Dubium</span> <span class='ocrx_word' id='word_1_52' title='bbox 725 949 778 1012; x_wconf 88' lang='lat' dir='ltr'>est,</span> <span class='ocrx_word' id='word_1_53' title='bbox 807 951 897 996; x_wconf 87' lang='lat' dir='ltr'>utrum</span> <span class='ocrx_word' id='word_1_54' title='bbox 920 957 949 996; x_wconf 91' lang='lat' dir='ltr'>u·</span> <span class='ocrx_word' id='word_1_55' title='bbox 985 943 1102 996; x_wconf 86' lang='lat' dir='ltr'>Habitus</span> <span class='ocrx_word' id='word_1_56' title='bbox 1122 943 1201 994; x_wconf 85' lang='lat' dir='ltr'>inlusi</span> <span class='ocrx_word' id='word_1_57' title='bbox 1229 949 1289 994; x_wconf 91' lang='lat' dir='ltr'>sunt</span> <span class='ocrx_word' id='word_1_58' title='bbox 1318 945 1342 992; x_wconf 92' lang='grc'>44</span> <span class='ocrx_word' id='word_1_59' title='bbox 1371 942 1488 1006; x_wconf 86' lang='lat' dir='ltr'>pauvulis</span> <span class='ocrx_word' id='word_1_60' title='bbox 1508 942 1627 1008; x_wconf 81' lang='lat' dir='ltr'>perlecti,</span> <span class='ocrx_word' id='word_1_61' title='bbox 1661 941 1707 992; x_wconf 93' lang='lat' dir='ltr'>illo</span> <span class='ocrx_word' id='word_1_62' title='bbox 1725 941 1850 996; x_wconf 87' lang='lat' dir='ltr'>multetur</span> <span class='ocrx_word' id='word_1_63' title='bbox 1880 957 1962 1008; x_wconf 84' lang='lat' dir='ltr'>poena</span> <span class='ocrx_word' id='word_1_64' title='bbox 1986 945 2075 996; x_wconf 87' lang='lat' dir='ltr'>damni</span> <span class='ocrx_word' id='word_1_65' title='bbox 2094 943 2127 996; x_wconf 93' lang='grc'>47</span> <span class='ocrx_word' id='word_1_66' title='bbox 2147 943 2199 994; x_wconf 90' lang='grc'>886</span> <span class='ocrx_word' id='word_1_67' title='bbox 2217 941 2302 996; x_wconf 76' lang='grc'>5*·-</span> 
     </span>
     <span class='ocr_line' id='line_1_6' title="bbox 307 1029 2301 1102; baseline -0.002 -16"><span class='ocrx_word' id='word_1_68' title='bbox 307 1043 430 1102; x_wconf 81' lang='lat' dir='ltr'>iramque</span> <span class='ocrx_word' id='word_1_69' title='bbox 451 1047 586 1100; x_wconf 87' lang='lat' dir='ltr'>parentem</span> <span class='ocrx_word' id='word_1_70' title='bbox 604 1035 747 1098; x_wconf 76' lang='lat' dir='ltr'><strong>oportuerit</strong></span> <span class='ocrx_word' id='word_1_71' title='bbox 768 1047 825 1086; x_wconf 89' lang='lat' dir='ltr'>esse</span> <span class='ocrx_word' id='word_1_72' title='bbox 845 1031 948 1086; x_wconf 90' lang='lat' dir='ltr'>tidelem</span> <span class='ocrx_word' id='word_1_73' title='bbox 985 1029 1301 1098; x_wconf 88' lang='lat' dir='ltr'>quamvisnonhabeaut</span> <span class='ocrx_word' id='word_1_74' title='bbox 1321 1039 1413 1092; x_wconf 87' lang='lat' dir='ltr'>usum,</span> <span class='ocrx_word' id='word_1_75' title='bbox 1434 1031 1494 1098; x_wconf 91' lang='lat' dir='ltr'>qnia</span> <span class='ocrx_word' id='word_1_76' title='bbox 1516 1043 1566 1082; x_wconf 94' lang='lat' dir='ltr'>non</span> <span class='ocrx_word' id='word_1_77' title='bbox 1586 1031 1629 1082; x_wconf 92' lang='lat' dir='ltr'>ha·</span> <span class='ocrx_word' id='word_1_78' title='bbox 1662 1041 1756 1080; x_wconf 86' lang='lat' dir='ltr'>eornm</span> <span class='ocrx_word' id='word_1_79' title='bbox 1783 1041 1894 1094; x_wconf 86' lang='lat' dir='ltr'>corpora</span> <span class='ocrx_word' id='word_1_80' title='bbox 1922 1043 2012 1086; x_wconf 78' lang='lat' dir='ltr'><strong>carent</strong></span> <span class='ocrx_word' id='word_1_81' title='bbox 2039 1033 2159 1098; x_wconf 77' lang='lat' dir='ltr'>passione</span> <span class='ocrx_word' id='word_1_82' title='bbox 2192 1043 2243 1082; x_wconf 91' lang='lat' dir='ltr'>non</span> <span class='ocrx_word' id='word_1_83' title='bbox 2270 1045 2301 1082; x_wconf 88' lang='lat' dir='ltr'>ex</span> 
     </span>
     <span class='ocr_line' id='line_1_7' title="bbox 307 1115 2301 1188; baseline -0.002 -12"><span class='ocrx_word' id='word_1_84' title='bbox 307 1125 343 1176; x_wconf 88' lang='lat' dir='ltr'>ad</span> <span class='ocrx_word' id='word_1_85' title='bbox 362 1125 424 1188; x_wconf 89' lang='lat' dir='ltr'>hoc,</span> <span class='ocrx_word' id='word_1_86' title='bbox 443 1123 617 1188; x_wconf 89' lang='lat' dir='ltr'>utparvulus</span> <span class='ocrx_word' id='word_1_87' title='bbox 636 1123 782 1176; x_wconf 76' lang='lat' dir='ltr'>salvaretur</span> <span class='ocrx_word' id='word_1_88' title='bbox 800 1119 862 1174; x_wconf 89' lang='lat' dir='ltr'>ibid.</span> <span class='ocrx_word' id='word_1_89' title='bbox 985 1119 1187 1172; x_wconf 83' lang='grc'>4444444444</span> <span class='ocrx_word' id='word_1_90' title='bbox 1209 1115 1628 1170; x_wconf 56' lang='grc'>4444444744444-494444444</span> <span class='ocrx_word' id='word_1_91' title='bbox 1662 1117 1774 1182; x_wconf 83' lang='grc'>4444444,</span> <span class='ocrx_word' id='word_1_92' title='bbox 1804 1131 1884 1182; x_wconf 88' lang='lat' dir='ltr'>quam</span> <span class='ocrx_word' id='word_1_93' title='bbox 1912 1121 2025 1174; x_wconf 80' lang='lat' dir='ltr'>habeant</span> <span class='ocrx_word' id='word_1_94' title='bbox 2054 1123 2079 1172; x_wconf 91' lang='lat' dir='ltr'>in</span> <span class='ocrx_word' id='word_1_95' title='bbox 2105 1135 2145 1184; x_wconf 83' lang='lat' dir='ltr'>so,</span> <span class='ocrx_word' id='word_1_96' title='bbox 2175 1119 2219 1172; x_wconf 86' lang='lat' dir='ltr'>sed</span> <span class='ocrx_word' id='word_1_97' title='bbox 2241 1133 2301 1182; x_wconf 86' lang='lat' dir='ltr'>pro·</span> 
     </span>
     <span class='ocr_line' id='line_1_8' title="bbox 308 1203 2300 1278; baseline -0.003 -14"><span class='ocrx_word' id='word_1_98' title='bbox 308 1261 311 1264; x_wconf 87' lang='lat'>.</span> <span class='ocrx_word' id='word_1_99' title='bbox 362 1239 396 1250; x_wconf 84' lang='lat'>-</span> <span class='ocrx_word' id='word_1_100' title='bbox 416 1215 438 1262; x_wconf 91' lang='lat' dir='ltr'>in</span> <span class='ocrx_word' id='word_1_101' title='bbox 461 1217 535 1266; x_wconf 92' lang='lat' dir='ltr'>utero</span> <span class='ocrx_word' id='word_1_102' title='bbox 552 1227 604 1264; x_wconf 90' lang='lat' dir='ltr'>non</span> <span class='ocrx_word' id='word_1_103' title='bbox 625 1219 735 1278; x_wconf 87' lang='lat' dir='ltr'>possunt</span> <span class='ocrx_word' id='word_1_104' title='bbox 754 1211 839 1264; x_wconf 88' lang='grc'>444444</span> <span class='ocrx_word' id='word_1_105' title='bbox 858 1223 906 1272; x_wconf 90' lang='lat' dir='ltr'>per</span> <span class='ocrx_word' id='word_1_106' title='bbox 919 1209 948 1258; x_wconf 92' lang='lat' dir='ltr'>ll·</span> <span class='ocrx_word' id='word_1_107' title='bbox 983 1209 1159 1261; x_wconf 89' lang='lat' dir='ltr'>intunduntur</span> <span class='ocrx_word' id='word_1_108' title='bbox 1177 1207 1281 1260; x_wconf 88' lang='lat' dir='ltr'>habitus</span> <span class='ocrx_word' id='word_1_109' title='bbox 1302 1209 1429 1260; x_wconf 84' lang='lat' dir='ltr'>virtutum</span> <span class='ocrx_word' id='word_1_110' title='bbox 1454 1205 1627 1274; x_wconf 88' lang='lat' dir='ltr'>quantumad</span> <span class='ocrx_word' id='word_1_111' title='bbox 1662 1209 1720 1268; x_wconf 87' lang='lat' dir='ltr'>pler</span> <span class='ocrx_word' id='word_1_112' title='bbox 1739 1203 1856 1256; x_wconf 82' lang='lat' dir='ltr'>ordinem</span> <span class='ocrx_word' id='word_1_113' title='bbox 1879 1207 1981 1260; x_wconf 87' lang='lat' dir='ltr'>divinae</span> <span class='ocrx_word' id='word_1_114' title='bbox 2001 1211 2132 1272; x_wconf 88' lang='lat' dir='ltr'>institiae,</span> <span class='ocrx_word' id='word_1_115' title='bbox 2153 1205 2300 1260; x_wconf 85' lang='lat' dir='ltr'>secundnm</span> 
     </span>
     <span class='ocr_line' id='line_1_9' title="bbox 308 1293 2301 1368; baseline -0.002 -16"><span class='ocrx_word' id='word_1_116' title='bbox 308 1299 367 1354; x_wconf 90' lang='lat' dir='ltr'>dem</span> <span class='ocrx_word' id='word_1_117' title='bbox 387 1301 497 1352; x_wconf 89' lang='lat' dir='ltr'>alienam</span> <span class='ocrx_word' id='word_1_118' title='bbox 520 1313 565 1352; x_wconf 90' lang='lat' dir='ltr'>nec</span> <span class='ocrx_word' id='word_1_119' title='bbox 579 1315 626 1368; x_wconf 88' lang='lat' dir='ltr'>per</span> <span class='ocrx_word' id='word_1_120' title='bbox 639 1303 804 1354; x_wconf 88' lang='lat' dir='ltr'>Sacramenta</span> <span class='ocrx_word' id='word_1_121' title='bbox 819 1297 948 1348; x_wconf 88' lang='lat' dir='ltr'>Ecclesiae</span> <span class='ocrx_word' id='word_1_122' title='bbox 984 1295 1355 1362; x_wconf 89' lang='lat' dir='ltr'>iormaie‚quodtamennon</span> <span class='ocrx_word' id='word_1_123' title='bbox 1376 1295 1625 1362; x_wconf 87' lang='lat' dir='ltr'>potestinpotentia</span> <span class='ocrx_word' id='word_1_124' title='bbox 1661 1305 1741 1358; x_wconf 81' lang='lat' dir='ltr'>quem</span> <span class='ocrx_word' id='word_1_125' title='bbox 1770 1293 1825 1356; x_wconf 88' lang='lat' dir='ltr'>agit</span> <span class='ocrx_word' id='word_1_126' title='bbox 1848 1293 1916 1358; x_wconf 86' lang='lat' dir='ltr'>ignis</span> <span class='ocrx_word' id='word_1_127' title='bbox 1946 1297 2076 1350; x_wconf 85' lang='grc'>4444444444</span> <span class='ocrx_word' id='word_1_128' title='bbox 2102 1299 2123 1350; x_wconf 94' lang='grc'>44</span> <span class='ocrx_word' id='word_1_129' title='bbox 2146 1295 2199 1348; x_wconf 98' lang='grc'>794</span> <span class='ocrx_word' id='word_1_130' title='bbox 2218 1293 2301 1346; x_wconf 86' lang='grc'>6*-</span> 
     </span>
     <span class='ocr_line' id='line_1_10' title="bbox 307 1381 2301 1456; baseline -0.001 -16"><span class='ocrx_word' id='word_1_131' title='bbox 307 1389 344 1440; x_wconf 90' lang='grc'>47</span> <span class='ocrx_word' id='word_1_132' title='bbox 364 1389 414 1440; x_wconf 88' lang='grc'>450</span> <span class='ocrx_word' id='word_1_133' title='bbox 432 1403 445 1440; x_wconf 91' lang='lat' dir='ltr'>a</span> <span class='ocrx_word' id='word_1_134' title='bbox 461 1403 498 1456; x_wconf 89' lang='lat' dir='ltr'>sq.</span> <span class='ocrx_word' id='word_1_135' title='bbox 512 1417 549 1428; x_wconf 89' lang='lat'><em>-</em></span> <span class='ocrx_word' id='word_1_136' title='bbox 566 1391 593 1442; x_wconf 91' lang='lat' dir='ltr'>in</span> <span class='ocrx_word' id='word_1_137' title='bbox 607 1395 679 1444; x_wconf 86' lang='lat' dir='ltr'>utero</span> <span class='ocrx_word' id='word_1_138' title='bbox 695 1389 728 1440; x_wconf 91' lang='lat' dir='ltr'>de</span> <span class='ocrx_word' id='word_1_139' title='bbox 741 1389 799 1452; x_wconf 86' lang='lat' dir='ltr'>lege</span> <span class='ocrx_word' id='word_1_140' title='bbox 812 1385 948 1438; x_wconf 90' lang='lat' dir='ltr'>communi</span> <span class='ocrx_word' id='word_1_141' title='bbox 984 1383 1094 1436; x_wconf 89' lang='lat' dir='ltr'>radicari</span> <span class='ocrx_word' id='word_1_142' title='bbox 1113 1391 1140 1436; x_wconf 93' lang='lat' dir='ltr'>et</span> <span class='ocrx_word' id='word_1_143' title='bbox 1157 1383 1265 1436; x_wconf 87' lang='lat' dir='ltr'>stabiliri</span> <span class='ocrx_word' id='word_1_144' title='bbox 1284 1383 1312 1434; x_wconf 96' lang='lat' dir='ltr'>lll</span> <span class='ocrx_word' id='word_1_145' title='bbox 1334 1383 1385 1434; x_wconf 92' lang='grc'>492</span> <span class='ocrx_word' id='word_1_146' title='bbox 1404 1381 1433 1434; x_wconf 88' lang='grc'>5*</span> <span class='ocrx_word' id='word_1_147' title='bbox 1452 1411 1486 1422; x_wconf 94' lang='grc'>-</span> <span class='ocrx_word' id='word_1_148' title='bbox 1506 1397 1551 1448; x_wconf 86' lang='grc'>444</span> <span class='ocrx_word' id='word_1_149' title='bbox 1571 1397 1626 1446; x_wconf 83' lang='lat' dir='ltr'>gra·</span> <span class='ocrx_word' id='word_1_150' title='bbox 1662 1395 1713 1434; x_wconf 90' lang='lat' dir='ltr'>non</span> <span class='ocrx_word' id='word_1_151' title='bbox 1733 1381 1830 1434; x_wconf 88' lang='lat' dir='ltr'>habent</span> <span class='ocrx_word' id='word_1_152' title='bbox 1847 1381 1935 1434; x_wconf 88' lang='lat' dir='ltr'>dotem</span> <span class='ocrx_word' id='word_1_153' title='bbox 1955 1383 2166 1446; x_wconf 86' lang='lat' dir='ltr'>impassibilitatis</span> <span class='ocrx_word' id='word_1_154' title='bbox 2186 1383 2247 1440; x_wconf 86' lang='lat' dir='ltr'>ibid.</span> <span class='ocrx_word' id='word_1_155' title='bbox 2265 1409 2301 1422; x_wconf 89' lang='lat'><em>-</em></span> 
     </span>
     <span class='ocr_line' id='line_1_11' title="bbox 306 1467 2300 1540; baseline -0.002 -12"><span class='ocrx_word' id='word_1_156' title='bbox 306 1489 360 1530; x_wconf 90' lang='lat' dir='ltr'>non</span> <span class='ocrx_word' id='word_1_157' title='bbox 381 1477 552 1530; x_wconf 79' lang='lat' dir='ltr'>iustificantur</span> <span class='ocrx_word' id='word_1_158' title='bbox 570 1477 604 1532; x_wconf 86' lang='lat' dir='ltr'>ib.</span> <span class='ocrx_word' id='word_1_159' title='bbox 632 1477 652 1530; x_wconf 92' lang='lat' dir='ltr'>b</span> <span class='ocrx_word' id='word_1_160' title='bbox 678 1505 714 1514; x_wconf 81' lang='lat'>-—</span> <span class='ocrx_word' id='word_1_161' title='bbox 736 1473 882 1528; x_wconf 88' lang='lat' dir='ltr'>secundum</span> <span class='ocrx_word' id='word_1_162' title='bbox 908 1475 949 1524; x_wconf 89' lang='lat' dir='ltr'>ius</span> <span class='ocrx_word' id='word_1_163' title='bbox 983 1473 1625 1536; x_wconf 79' lang='lat' dir='ltr'>narnethahttumvirtrauncognoscuntneum</span> <span class='ocrx_word' id='word_1_164' title='bbox 1662 1473 1758 1522; x_wconf 88' lang='lat' dir='ltr'>virtute</span> <span class='ocrx_word' id='word_1_165' title='bbox 1776 1467 1863 1520; x_wconf 75' lang='lat' dir='ltr'>divina</span> <span class='ocrx_word' id='word_1_166' title='bbox 1888 1473 1911 1522; x_wconf 91' lang='lat' dir='ltr'>in</span> <span class='ocrx_word' id='word_1_167' title='bbox 1937 1473 1989 1522; x_wconf 82' lang='lat' dir='ltr'>vita</span> <span class='ocrx_word' id='word_1_168' title='bbox 2015 1473 2211 1538; x_wconf 74' lang='lat' dir='ltr'>continuantur,</span> <span class='ocrx_word' id='word_1_169' title='bbox 2237 1473 2300 1540; x_wconf 81' lang='lat' dir='ltr'>quin</span> 
     </span>
     <span class='ocr_line' id='line_1_12' title="bbox 308 1557 2064 1630; baseline -0.005 -12"><span class='ocrx_word' id='word_1_170' title='bbox 308 1577 448 1620; x_wconf 80' lang='lat' dir='ltr'>conamune</span> <span class='ocrx_word' id='word_1_171' title='bbox 469 1581 519 1620; x_wconf 91' lang='lat' dir='ltr'>non</span> <span class='ocrx_word' id='word_1_172' title='bbox 540 1569 728 1630; x_wconf 79' lang='lat' dir='ltr'>regenerantur</span> <span class='ocrx_word' id='word_1_173' title='bbox 746 1563 795 1614; x_wconf 91' lang='lat' dir='ltr'>nisi</span> <span class='ocrx_word' id='word_1_174' title='bbox 808 1563 882 1626; x_wconf 87' lang='lat' dir='ltr'>prius</span> <span class='ocrx_word' id='word_1_175' title='bbox 902 1575 949 1626; x_wconf 89' lang='lat' dir='ltr'>per</span> <span class='ocrx_word' id='word_1_176' title='bbox 985 1559 1089 1628; x_wconf 89' lang='lat' dir='ltr'>habitu,</span> <span class='ocrx_word' id='word_1_177' title='bbox 1107 1563 1155 1614; x_wconf 88' lang='lat' dir='ltr'>sed</span> <span class='ocrx_word' id='word_1_178' title='bbox 1173 1575 1225 1612; x_wconf 92' lang='lat' dir='ltr'>non</span> <span class='ocrx_word' id='word_1_179' title='bbox 1245 1567 1302 1614; x_wconf 90' lang='lat' dir='ltr'>actu</span> <span class='ocrx_word' id='word_1_180' title='bbox 1325 1561 1404 1614; x_wconf 84' lang='lat'>1650</span> <span class='ocrx_word' id='word_1_181' title='bbox 1422 1561 1450 1614; x_wconf 90' lang='lat' dir='ltr'>d.</span> <span class='ocrx_word' id='word_1_182' title='bbox 1470 1561 1485 1612; x_wconf 99' lang='lat'><strong>3</strong></span> <span class='ocrx_word' id='word_1_183' title='bbox 1661 1563 1758 1622; x_wconf 83' lang='lat' dir='ltr'>egeant</span> <span class='ocrx_word' id='word_1_184' title='bbox 1775 1557 1834 1610; x_wconf 89' lang='lat' dir='ltr'>cibo</span> <span class='ocrx_word' id='word_1_185' title='bbox 1851 1571 1899 1610; x_wconf 85' lang='lat' dir='ltr'>nec</span> <span class='ocrx_word' id='word_1_186' title='bbox 1919 1565 1981 1624; x_wconf 90' lang='lat' dir='ltr'>potu</span> <span class='ocrx_word' id='word_1_187' title='bbox 2003 1557 2064 1612; x_wconf 89' lang='lat' dir='ltr'>ibid.</span> 
     </span>
     <span class='ocr_line' id='line_1_13' title="bbox 308 1647 2298 1722; baseline -0.002 -18"><span class='ocrx_word' id='word_1_188' title='bbox 308 1659 426 1708; x_wconf 86' lang='grc'>44444444</span> <span class='ocrx_word' id='word_1_189' title='bbox 446 1657 497 1708; x_wconf 75' lang='lat' dir='ltr'>reati</span> <span class='ocrx_word' id='word_1_190' title='bbox 518 1655 552 1706; x_wconf 89' lang='grc'>47</span> <span class='ocrx_word' id='word_1_191' title='bbox 572 1653 606 1704; x_wconf 93' lang='grc'>34</span> <span class='ocrx_word' id='word_1_192' title='bbox 625 1651 656 1704; x_wconf 91' lang='grc'>2*</span> <span class='ocrx_word' id='word_1_193' title='bbox 696 1713 703 1722; x_wconf 26' lang='grc' dir='ltr'>ἱ</span> <span class='ocrx_word' id='word_1_194' title='bbox 1038 1675 1074 1688; x_wconf 85' lang='lat'>·-</span> <span class='ocrx_word' id='word_1_195' title='bbox 1101 1649 1227 1702; x_wconf 89' lang='lat' dir='ltr'>babentes</span> <span class='ocrx_word' id='word_1_196' title='bbox 1256 1651 1365 1714; x_wconf 87' lang='lat' dir='ltr'>gratiam</span> <span class='ocrx_word' id='word_1_197' title='bbox 1392 1649 1464 1716; x_wconf 82' lang='lat' dir='ltr'>digni</span> <span class='ocrx_word' id='word_1_198' title='bbox 1487 1655 1546 1702; x_wconf 89' lang='lat' dir='ltr'>suut</span> <span class='ocrx_word' id='word_1_199' title='bbox 1572 1651 1624 1702; x_wconf 86' lang='lat' dir='ltr'>vita</span> <span class='ocrx_word' id='word_1_200' title='bbox 1701 1655 1751 1686; x_wconf 71' lang='lat'>&#39;--</span> <span class='ocrx_word' id='word_1_201' title='bbox 1778 1659 1829 1698; x_wconf 91' lang='lat' dir='ltr'>non</span> <span class='ocrx_word' id='word_1_202' title='bbox 1856 1653 1998 1710; x_wconf 90' lang='lat' dir='ltr'>potuerunt</span> <span class='ocrx_word' id='word_1_203' title='bbox 2025 1647 2130 1702; x_wconf 86' lang='lat' dir='ltr'>liberari</span> <span class='ocrx_word' id='word_1_204' title='bbox 2153 1665 2167 1700; x_wconf 91' lang='grc'>4</span> <span class='ocrx_word' id='word_1_205' title='bbox 2198 1647 2298 1702; x_wconf 88' lang='lat' dir='ltr'>Christo</span> 
     </span>
     <span class='ocr_line' id='line_1_14' title="bbox 362 1733 2199 1808; baseline -0.003 -14"><span class='ocrx_word' id='word_1_206' title='bbox 362 1773 396 1782; x_wconf 89' lang='lat'><strong>—</strong></span> <span class='ocrx_word' id='word_1_207' title='bbox 415 1747 439 1794; x_wconf 97' lang='grc'>44</span> <span class='ocrx_word' id='word_1_208' title='bbox 461 1743 577 1808; x_wconf 79' lang='lat' dir='ltr'>paruulis</span> <span class='ocrx_word' id='word_1_209' title='bbox 597 1755 644 1806; x_wconf 89' lang='lat' dir='ltr'>per</span> <span class='ocrx_word' id='word_1_210' title='bbox 663 1741 822 1806; x_wconf 88' lang='lat' dir='ltr'>baptismum</span> <span class='ocrx_word' id='word_1_211' title='bbox 848 1737 950 1790; x_wconf 89' lang='lat' dir='ltr'>deletur</span> <span class='ocrx_word' id='word_1_212' title='bbox 985 1743 1091 1790; x_wconf 90' lang='lat' dir='ltr'>aeterna</span> <span class='ocrx_word' id='word_1_213' title='bbox 1110 1739 1263 1802; x_wconf 85' lang='lat' dir='ltr'>permerito</span> <span class='ocrx_word' id='word_1_214' title='bbox 1278 1741 1406 1802; x_wconf 86' lang='lat' dir='ltr'>passionis</span> <span class='ocrx_word' id='word_1_215' title='bbox 1423 1737 1518 1792; x_wconf 86' lang='lat' dir='ltr'>Christi</span> <span class='ocrx_word' id='word_1_216' title='bbox 1537 1740 1552 1791; x_wconf 95' lang='grc'>44</span> <span class='ocrx_word' id='word_1_217' title='bbox 1574 1737 1625 1790; x_wconf 89' lang='grc'>779</span> <span class='ocrx_word' id='word_1_218' title='bbox 1663 1733 1836 1788; x_wconf 80' lang='lat' dir='ltr'>descendente</span> <span class='ocrx_word' id='word_1_219' title='bbox 1853 1737 1889 1788; x_wconf 92' lang='lat' dir='ltr'>ad</span> <span class='ocrx_word' id='word_1_220' title='bbox 1907 1737 2004 1792; x_wconf 88' lang='lat' dir='ltr'>interos</span> <span class='ocrx_word' id='word_1_221' title='bbox 2021 1739 2051 1790; x_wconf 93' lang='grc'>444</span> <span class='ocrx_word' id='word_1_222' title='bbox 2072 1737 2157 1790; x_wconf 82' lang='grc'>46244</span> <span class='ocrx_word' id='word_1_223' title='bbox 2198 1753 2199 1756; x_wconf 62' lang='grc'>’</span> 
     </span>
     <span class='ocr_line' id='line_1_15' title="bbox 309 1823 2300 1896; baseline -0.003 -12"><span class='ocrx_word' id='word_1_224' title='bbox 309 1837 446 1896; x_wconf 81' lang='lat' dir='ltr'>peccatura</span> <span class='ocrx_word' id='word_1_225' title='bbox 468 1829 594 1894; x_wconf 78' lang='lat' dir='ltr'>originale</span> <span class='ocrx_word' id='word_1_226' title='bbox 612 1829 629 1880; x_wconf 98' lang='lat' dir='ltr'>ll</span> <span class='ocrx_word' id='word_1_227' title='bbox 650 1827 702 1880; x_wconf 81' lang='lat'>752</span> <span class='ocrx_word' id='word_1_228' title='bbox 731 1829 747 1880; x_wconf 89' lang='lat' dir='ltr'>i.</span> <span class='ocrx_word' id='word_1_229' title='bbox 767 1827 792 1878; x_wconf 98' lang='grc'>4.</span> <span class='ocrx_word' id='word_1_230' title='bbox 816 1827 867 1878; x_wconf 89' lang='grc'>759</span> <span class='ocrx_word' id='word_1_231' title='bbox 896 1827 943 1878; x_wconf 82' lang='lat' dir='ltr'>il</span> <span class='ocrx_word' id='word_1_232' title='bbox 986 1825 1063 1878; x_wconf 88' lang='grc'>2*-</span> <span class='ocrx_word' id='word_1_233' title='bbox 1083 1827 1326 1892; x_wconf 80' lang='lat' dir='ltr'>indigentmerltis,</span> <span class='ocrx_word' id='word_1_234' title='bbox 1345 1827 1514 1894; x_wconf 89' lang='lat' dir='ltr'>sedproptcr</span> <span class='ocrx_word' id='word_1_235' title='bbox 1532 1831 1626 1892; x_wconf 88' lang='lat' dir='ltr'>imper·</span> <span class='ocrx_word' id='word_1_236' title='bbox 1717 1823 1812 1876; x_wconf 80' lang='lat' dir='ltr'>Pascua</span> <span class='ocrx_word' id='word_1_237' title='bbox 1832 1853 1866 1864; x_wconf 91' lang='lat'>—</span> <span class='ocrx_word' id='word_1_238' title='bbox 1891 1825 1983 1878; x_wconf 89' lang='lat' dir='ltr'>dicitur</span> <span class='ocrx_word' id='word_1_239' title='bbox 2012 1827 2086 1880; x_wconf 89' lang='lat' dir='ltr'>cibus</span> <span class='ocrx_word' id='word_1_240' title='bbox 2111 1827 2250 1892; x_wconf 88' lang='lat' dir='ltr'>paschalis,</span> <span class='ocrx_word' id='word_1_241' title='bbox 2270 1833 2300 1880; x_wconf 92' lang='grc'>44</span> 
     </span>
     <span class='ocr_line' id='line_1_16' title="bbox 309 1915 2299 1982; baseline -0.002 -12"><span class='ocrx_word' id='word_1_242' title='bbox 309 1945 345 1958; x_wconf 86' lang='lat'><em>-</em></span> <span class='ocrx_word' id='word_1_243' title='bbox 363 1921 387 1970; x_wconf 93' lang='lat' dir='ltr'>in</span> <span class='ocrx_word' id='word_1_244' title='bbox 409 1917 540 1982; x_wconf 88' lang='lat' dir='ltr'>baptismo</span> <span class='ocrx_word' id='word_1_245' title='bbox 557 1919 687 1982; x_wconf 90' lang='lat' dir='ltr'>recipiunt</span> <span class='ocrx_word' id='word_1_246' title='bbox 701 1917 883 1970; x_wconf 88' lang='lat' dir='ltr'>remissionem</span> <span class='ocrx_word' id='word_1_247' title='bbox 899 1915 949 1968; x_wconf 87' lang='lat' dir='ltr'>cnl-</span> <span class='ocrx_word' id='word_1_248' title='bbox 985 1915 1121 1968; x_wconf 87' lang='lat' dir='ltr'>lectionem</span> <span class='ocrx_word' id='word_1_249' title='bbox 1143 1921 1167 1968; x_wconf 90' lang='lat' dir='ltr'>et</span> <span class='ocrx_word' id='word_1_250' title='bbox 1182 1917 1361 1980; x_wconf 88' lang='lat' dir='ltr'>impotentiam</span> <span class='ocrx_word' id='word_1_251' title='bbox 1376 1927 1553 1982; x_wconf 85' lang='lat' dir='ltr'>assequuntur</span> <span class='ocrx_word' id='word_1_252' title='bbox 1573 1917 1626 1980; x_wconf 89' lang='lat' dir='ltr'>glo·</span> <span class='ocrx_word' id='word_1_253' title='bbox 1662 1925 1767 1978; x_wconf 80' lang='grc'>4444444,</span> <span class='ocrx_word' id='word_1_254' title='bbox 1786 1915 1828 1966; x_wconf 87' lang='grc'>444</span> <span class='ocrx_word' id='word_1_255' title='bbox 1847 1929 1932 1980; x_wconf 86' lang='lat' dir='ltr'>agnos</span> <span class='ocrx_word' id='word_1_256' title='bbox 1952 1917 2091 1980; x_wconf 86' lang='lat' dir='ltr'>paschalis,</span> <span class='ocrx_word' id='word_1_257' title='bbox 2112 1917 2152 1968; x_wconf 86' lang='lat' dir='ltr'>rel</span> <span class='ocrx_word' id='word_1_258' title='bbox 2166 1915 2299 1980; x_wconf 75' lang='lat' dir='ltr'>Christro,</span> 
     </span>
     <span class='ocr_line' id='line_1_17' title="bbox 307 2001 2301 2072; baseline -0.001 -14"><span class='ocrx_word' id='word_1_259' title='bbox 307 2021 359 2072; x_wconf 87' lang='grc'>444</span> <span class='ocrx_word' id='word_1_260' title='bbox 376 2007 510 2072; x_wconf 84' lang='lat' dir='ltr'>originalis</span> <span class='ocrx_word' id='word_1_261' title='bbox 536 2009 627 2058; x_wconf 84' lang='lat' dir='ltr'>nierito</span> <span class='ocrx_word' id='word_1_262' title='bbox 654 2007 782 2072; x_wconf 83' lang='lat' dir='ltr'>passionis</span> <span class='ocrx_word' id='word_1_263' title='bbox 803 2003 901 2058; x_wconf 83' lang='lat' dir='ltr'>Christi</span> <span class='ocrx_word' id='word_1_264' title='bbox 923 2009 949 2058; x_wconf 88' lang='lat' dir='ltr'>et</span> <span class='ocrx_word' id='word_1_265' title='bbox 985 2007 1050 2058; x_wconf 86' lang='lat' dir='ltr'>riatn</span> <span class='ocrx_word' id='word_1_266' title='bbox 1071 2019 1118 2070; x_wconf 89' lang='lat' dir='ltr'>per</span> <span class='ocrx_word' id='word_1_267' title='bbox 1139 2007 1229 2058; x_wconf 87' lang='grc'>44444444</span> <span class='ocrx_word' id='word_1_268' title='bbox 1248 2005 1346 2070; x_wconf 89' lang='grc'>444444,</span> <span class='ocrx_word' id='word_1_269' title='bbox 1365 2011 1518 2070; x_wconf 83' lang='grc'>4444444444</span> <span class='ocrx_word' id='word_1_270' title='bbox 1535 2007 1624 2056; x_wconf 85' lang='grc'>4444444</span> <span class='ocrx_word' id='word_1_271' title='bbox 1662 2015 1844 2066; x_wconf 82' lang='lat' dir='ltr'>agunsrerus</span> <span class='ocrx_word' id='word_1_272' title='bbox 1863 2003 1896 2056; x_wconf 87' lang='lat' dir='ltr'>IV</span> <span class='ocrx_word' id='word_1_273' title='bbox 1916 2003 1962 2054; x_wconf 90' lang='grc'>264</span> <span class='ocrx_word' id='word_1_274' title='bbox 1987 2001 2213 2058; x_wconf 80' lang='grc' dir='ltr'>2*-Τ44444444</span> <span class='ocrx_word' id='word_1_275' title='bbox 2231 2003 2301 2058; x_wconf 91' lang='lat' dir='ltr'>Cbri·</span> 
     </span>
     <span class='ocr_line' id='line_1_18' title="bbox 308 2091 2301 2158; baseline -0.004 -10"><span class='ocrx_word' id='word_1_276' title='bbox 308 2097 408 2148; x_wconf 87' lang='lat' dir='ltr'>alienae</span> <span class='ocrx_word' id='word_1_277' title='bbox 422 2095 517 2148; x_wconf 88' lang='lat' dir='ltr'>ildeiet</span> <span class='ocrx_word' id='word_1_278' title='bbox 532 2097 626 2148; x_wconf 87' lang='grc'>4444444</span> <span class='ocrx_word' id='word_1_279' title='bbox 640 2097 799 2148; x_wconf 86' lang='lat' dir='ltr'>Sacramenti</span> <span class='ocrx_word' id='word_1_280' title='bbox 817 2095 851 2148; x_wconf 94' lang='grc'>47</span> <span class='ocrx_word' id='word_1_281' title='bbox 865 2091 947 2146; x_wconf 82' lang='grc'>44244</span> <span class='ocrx_word' id='word_1_282' title='bbox 984 2091 1088 2156; x_wconf 90' lang='lat' dir='ltr'>Christi,</span> <span class='ocrx_word' id='word_1_283' title='bbox 1115 2095 1182 2146; x_wconf 89' lang='lat' dir='ltr'>sicul</span> <span class='ocrx_word' id='word_1_284' title='bbox 1212 2095 1365 2150; x_wconf 89' lang='lat' dir='ltr'>contrahunt</span> <span class='ocrx_word' id='word_1_285' title='bbox 1391 2095 1493 2158; x_wconf 92' lang='lat' dir='ltr'>culpam</span> <span class='ocrx_word' id='word_1_286' title='bbox 1521 2101 1626 2158; x_wconf 89' lang='lat' dir='ltr'>propter</span> <span class='ocrx_word' id='word_1_287' title='bbox 1662 2091 1694 2142; x_wconf 91' lang='lat' dir='ltr'>sti</span> <span class='ocrx_word' id='word_1_288' title='bbox 1713 2091 1761 2142; x_wconf 89' lang='lat' dir='ltr'>luit</span> <span class='ocrx_word' id='word_1_289' title='bbox 1779 2091 1803 2140; x_wconf 93' lang='lat' dir='ltr'>in</span> <span class='ocrx_word' id='word_1_290' title='bbox 1826 2093 1945 2154; x_wconf 77' lang='lat' dir='ltr'>passione</span> <span class='ocrx_word' id='word_1_291' title='bbox 1964 2091 1998 2142; x_wconf 89' lang='grc'>47</span> <span class='ocrx_word' id='word_1_292' title='bbox 2020 2093 2068 2142; x_wconf 89' lang='grc'>486</span> <span class='ocrx_word' id='word_1_293' title='bbox 2088 2091 2117 2142; x_wconf 83' lang='grc'>3*</span> <span class='ocrx_word' id='word_1_294' title='bbox 2135 2093 2301 2148; x_wconf 76' lang='lat' dir='ltr'>-Christus</span> 
     </span>
     <span class='ocr_line' id='line_1_19' title="bbox 307 2181 2301 2250; baseline -0.001 -14"><span class='ocrx_word' id='word_1_295' title='bbox 307 2199 343 2224; x_wconf 89' lang='lat'>-·-</span> <span class='ocrx_word' id='word_1_296' title='bbox 362 2199 413 2238; x_wconf 92' lang='lat' dir='ltr'>uon</span> <span class='ocrx_word' id='word_1_297' title='bbox 431 2183 529 2238; x_wconf 90' lang='lat' dir='ltr'>babent</span> <span class='ocrx_word' id='word_1_298' title='bbox 547 2183 728 2250; x_wconf 79' lang='lat' dir='ltr'>obstaculum,</span> <span class='ocrx_word' id='word_1_299' title='bbox 748 2185 892 2250; x_wconf 85' lang='lat' dir='ltr'>quominus</span> <span class='ocrx_word' id='word_1_300' title='bbox 908 2199 948 2234; x_wconf 89' lang='lat' dir='ltr'>sn·</span> <span class='ocrx_word' id='word_1_301' title='bbox 985 2189 1121 2248; x_wconf 89' lang='lat' dir='ltr'>peccatum</span> <span class='ocrx_word' id='word_1_302' title='bbox 1144 2183 1220 2248; x_wconf 86' lang='lat' dir='ltr'>primi</span> <span class='ocrx_word' id='word_1_303' title='bbox 1240 2185 1401 2248; x_wconf 89' lang='lat' dir='ltr'>parentis-lli</span> <span class='ocrx_word' id='word_1_304' title='bbox 1418 2183 1466 2234; x_wconf 88' lang='grc'>394</span> <span class='ocrx_word' id='word_1_305' title='bbox 1490 2181 1521 2232; x_wconf 91' lang='grc'>5*</span> <span class='ocrx_word' id='word_1_306' title='bbox 1663 2193 1714 2232; x_wconf 93' lang='lat' dir='ltr'>non</span> <span class='ocrx_word' id='word_1_307' title='bbox 1734 2181 1869 2244; x_wconf 80' lang='lat' dir='ltr'>praevenit</span> <span class='ocrx_word' id='word_1_308' title='bbox 1889 2193 1936 2232; x_wconf 92' lang='lat' dir='ltr'>uec</span> <span class='ocrx_word' id='word_1_309' title='bbox 1955 2183 2115 2244; x_wconf 84' lang='grc'>4444444444</span> <span class='ocrx_word' id='word_1_310' title='bbox 2129 2181 2218 2236; x_wconf 82' lang='lat' dir='ltr'>debuit</span> <span class='ocrx_word' id='word_1_311' title='bbox 2237 2181 2301 2234; x_wconf 90' lang='lat' dir='ltr'>cele·</span> 
     </span>
     <span class='ocr_line' id='line_1_20' title="bbox 307 2267 2117 2340; baseline -0.001 -16"><span class='ocrx_word' id='word_1_312' title='bbox 307 2275 489 2340; x_wconf 85' lang='lat' dir='ltr'>scipiautrern</span> <span class='ocrx_word' id='word_1_313' title='bbox 509 2273 669 2324; x_wconf 88' lang='lat' dir='ltr'>Sacramenti</span> <span class='ocrx_word' id='word_1_314' title='bbox 687 2271 948 2336; x_wconf 81' lang='lat' dir='ltr'>tuta-napus-</span> <span class='ocrx_word' id='word_1_315' title='bbox 1039 2299 1074 2310; x_wconf 92' lang='lat'>-</span> <span class='ocrx_word' id='word_1_316' title='bbox 1103 2285 1155 2322; x_wconf 90' lang='lat' dir='ltr'>non</span> <span class='ocrx_word' id='word_1_317' title='bbox 1182 2273 1278 2322; x_wconf 90' lang='lat' dir='ltr'>iniuste</span> <span class='ocrx_word' id='word_1_318' title='bbox 1299 2273 1435 2324; x_wconf 79' lang='lat' dir='ltr'>sustinent·</span> <span class='ocrx_word' id='word_1_319' title='bbox 1456 2271 1626 2336; x_wconf 87' lang='lat' dir='ltr'>poenalitates</span> <span class='ocrx_word' id='word_1_320' title='bbox 1663 2267 1807 2320; x_wconf 90' lang='lat' dir='ltr'>brationem</span> <span class='ocrx_word' id='word_1_321' title='bbox 1829 2271 1957 2334; x_wconf 88' lang='lat' dir='ltr'>paschatis</span> <span class='ocrx_word' id='word_1_322' title='bbox 1975 2269 2010 2320; x_wconf 93' lang='lat' dir='ltr'>lV</span> <span class='ocrx_word' id='word_1_323' title='bbox 2029 2267 2117 2322; x_wconf 82' lang='grc'>26444</span> 
     </span>
     <span class='ocr_line' id='line_1_21' title="bbox 308 2357 2301 2426; baseline -0.001 -14"><span class='ocrx_word' id='word_1_324' title='bbox 308 2373 366 2414; x_wconf 90' lang='lat' dir='ltr'>mus</span> <span class='ocrx_word' id='word_1_325' title='bbox 384 2361 501 2426; x_wconf 80' lang='lat' dir='ltr'>parvulis</span> <span class='ocrx_word' id='word_1_326' title='bbox 521 2375 572 2412; x_wconf 92' lang='lat' dir='ltr'>non</span> <span class='ocrx_word' id='word_1_327' title='bbox 592 2361 722 2424; x_wconf 80' lang='lat' dir='ltr'>significat</span> <span class='ocrx_word' id='word_1_328' title='bbox 734 2363 757 2412; x_wconf 89' lang='grc'>44</span> <span class='ocrx_word' id='word_1_329' title='bbox 772 2375 815 2426; x_wconf 94' lang='grc'>44,</span> <span class='ocrx_word' id='word_1_330' title='bbox 832 2359 876 2412; x_wconf 90' lang='lat' dir='ltr'>sed</span> <span class='ocrx_word' id='word_1_331' title='bbox 893 2361 948 2412; x_wconf 90' lang='lat' dir='ltr'>aliis</span> <span class='ocrx_word' id='word_1_332' title='bbox 984 2367 1045 2426; x_wconf 91' lang='lat' dir='ltr'>post</span> <span class='ocrx_word' id='word_1_333' title='bbox 1064 2361 1225 2426; x_wconf 89' lang='lat' dir='ltr'>baptismum</span> <span class='ocrx_word' id='word_1_334' title='bbox 1244 2361 1279 2412; x_wconf 93' lang='grc'>47</span> <span class='ocrx_word' id='word_1_335' title='bbox 1294 2357 1332 2412; x_wconf 90' lang='grc'>97</span> <span class='ocrx_word' id='word_1_336' title='bbox 1351 2361 1431 2424; x_wconf 63' lang='grc'>44444</span> <span class='ocrx_word' id='word_1_337' title='bbox 1451 2387 1485 2400; x_wconf 84' lang='lat'>--</span> <span class='ocrx_word' id='word_1_338' title='bbox 1498 2361 1563 2412; x_wconf 87' lang='lat' dir='ltr'>iuste</span> <span class='ocrx_word' id='word_1_339' title='bbox 1578 2375 1626 2426; x_wconf 89' lang='lat' dir='ltr'>pu·</span> <span class='ocrx_word' id='word_1_340' title='bbox 1716 2383 1751 2394; x_wconf 88' lang='lat'>-·</span> <span class='ocrx_word' id='word_1_341' title='bbox 1771 2371 1821 2410; x_wconf 92' lang='lat' dir='ltr'>non</span> <span class='ocrx_word' id='word_1_342' title='bbox 1835 2357 1918 2410; x_wconf 86' lang='lat' dir='ltr'>solam</span> <span class='ocrx_word' id='word_1_343' title='bbox 1940 2357 2085 2412; x_wconf 89' lang='lat' dir='ltr'>celebratur</span> <span class='ocrx_word' id='word_1_344' title='bbox 2099 2359 2124 2410; x_wconf 93' lang='lat' dir='ltr'>in</span> <span class='ocrx_word' id='word_1_345' title='bbox 2141 2373 2301 2412; x_wconf 53' lang='lat' dir='ltr'>rememora*</span> 
     </span>
     <span class='ocr_line' id='line_1_22' title="bbox 306 2445 2300 2514; baseline -0.001 -12"><span class='ocrx_word' id='word_1_346' title='bbox 306 2451 340 2502; x_wconf 93' lang='grc'>47</span> <span class='ocrx_word' id='word_1_347' title='bbox 362 2451 393 2502; x_wconf 92' lang='grc'>45</span> <span class='ocrx_word' id='word_1_348' title='bbox 415 2447 451 2502; x_wconf 89' lang='grc'>3*.</span> <span class='ocrx_word' id='word_1_349' title='bbox 474 2449 521 2502; x_wconf 91' lang='grc'>443</span> <span class='ocrx_word' id='word_1_350' title='bbox 544 2447 570 2502; x_wconf 88' lang='grc'>4*</span> <span class='ocrx_word' id='word_1_351' title='bbox 983 2451 1092 2502; x_wconf 85' lang='grc'>44444444</span> <span class='ocrx_word' id='word_1_352' title='bbox 1109 2451 1203 2514; x_wconf 87' lang='grc'>444444</span> <span class='ocrx_word' id='word_1_353' title='bbox 1222 2447 1410 2514; x_wconf 84' lang='lat' dir='ltr'>temporalibus</span> <span class='ocrx_word' id='word_1_354' title='bbox 1429 2451 1448 2500; x_wconf 92' lang='lat' dir='ltr'>ll</span> <span class='ocrx_word' id='word_1_355' title='bbox 1467 2449 1519 2502; x_wconf 88' lang='grc'>794</span> <span class='ocrx_word' id='word_1_356' title='bbox 1539 2445 1568 2502; x_wconf 88' lang='grc'>3*</span> <span class='ocrx_word' id='word_1_357' title='bbox 1592 2477 1624 2486; x_wconf 82' lang='lat'>-</span> <span class='ocrx_word' id='word_1_358' title='bbox 1663 2447 1761 2498; x_wconf 88' lang='lat' dir='ltr'>tionem</span> <span class='ocrx_word' id='word_1_359' title='bbox 1775 2449 1969 2500; x_wconf 89' lang='lat' dir='ltr'>resurrectionis</span> <span class='ocrx_word' id='word_1_360' title='bbox 1982 2449 2208 2510; x_wconf 65' lang='lat' dir='ltr'>praesentasset</span> <span class='ocrx_word' id='word_1_361' title='bbox 2221 2449 2300 2502; x_wconf 89' lang='lat' dir='ltr'>etiam</span> 
     </span>
     <span class='ocr_line' id='line_1_23' title="bbox 360 2535 2298 2606; baseline -0.003 -14"><span class='ocrx_word' id='word_1_362' title='bbox 360 2567 396 2578; x_wconf 90' lang='lat'>-</span> <span class='ocrx_word' id='word_1_363' title='bbox 416 2541 472 2592; x_wconf 90' lang='lat' dir='ltr'>sine</span> <span class='ocrx_word' id='word_1_364' title='bbox 490 2537 621 2604; x_wconf 88' lang='lat' dir='ltr'>baptismo</span> <span class='ocrx_word' id='word_1_365' title='bbox 640 2549 727 2606; x_wconf 87' lang='lat' dir='ltr'>aquae</span> <span class='ocrx_word' id='word_1_366' title='bbox 745 2537 779 2592; x_wconf 88' lang='lat' dir='ltr'>de</span> <span class='ocrx_word' id='word_1_367' title='bbox 797 2539 854 2590; x_wconf 92' lang='lat' dir='ltr'>iure</span> <span class='ocrx_word' id='word_1_368' title='bbox 878 2551 948 2590; x_wconf 87' lang='lat' dir='ltr'>com·</span> <span class='ocrx_word' id='word_1_369' title='bbox 984 2541 1124 2602; x_wconf 89' lang='lat' dir='ltr'>patiantur,</span> <span class='ocrx_word' id='word_1_370' title='bbox 1152 2537 1198 2590; x_wconf 89' lang='lat' dir='ltr'>sed</span> <span class='ocrx_word' id='word_1_371' title='bbox 1219 2551 1271 2588; x_wconf 93' lang='lat' dir='ltr'>non</span> <span class='ocrx_word' id='word_1_372' title='bbox 1289 2539 1397 2604; x_wconf 87' lang='lat' dir='ltr'>proprie</span> <span class='ocrx_word' id='word_1_373' title='bbox 1414 2539 1558 2604; x_wconf 89' lang='lat' dir='ltr'>puniuntur</span> <span class='ocrx_word' id='word_1_374' title='bbox 1579 2537 1625 2590; x_wconf 88' lang='lat' dir='ltr'>nisi</span> <span class='ocrx_word' id='word_1_375' title='bbox 1663 2537 1688 2586; x_wconf 93' lang='lat' dir='ltr'>in</span> <span class='ocrx_word' id='word_1_376' title='bbox 1710 2535 1947 2600; x_wconf 86' lang='lat' dir='ltr'>praesignationem</span> <span class='ocrx_word' id='word_1_377' title='bbox 1965 2535 2161 2588; x_wconf 90' lang='lat' dir='ltr'>resurrectionis</span> <span class='ocrx_word' id='word_1_378' title='bbox 2184 2539 2298 2600; x_wconf 83' lang='lat' dir='ltr'>suturae,</span> 
     </span>
     <span class='ocr_line' id='line_1_24' title="bbox 307 2623 2300 2694; baseline -0.001 -16"><span class='ocrx_word' id='word_1_379' title='bbox 307 2629 379 2680; x_wconf 91' lang='lat' dir='ltr'>muni</span> <span class='ocrx_word' id='word_1_380' title='bbox 401 2641 450 2680; x_wconf 93' lang='lat' dir='ltr'>non</span> <span class='ocrx_word' id='word_1_381' title='bbox 473 2635 582 2692; x_wconf 89' lang='lat' dir='ltr'>possunt</span> <span class='ocrx_word' id='word_1_382' title='bbox 601 2627 702 2694; x_wconf 89' lang='lat' dir='ltr'>disponi</span> <span class='ocrx_word' id='word_1_383' title='bbox 723 2625 756 2680; x_wconf 89' lang='lat' dir='ltr'>ad</span> <span class='ocrx_word' id='word_1_384' title='bbox 782 2629 893 2692; x_wconf 85' lang='lat' dir='ltr'>gratiam</span> <span class='ocrx_word' id='word_1_385' title='bbox 913 2629 945 2682; x_wconf 91' lang='grc'>47</span> <span class='ocrx_word' id='word_1_386' title='bbox 982 2625 1061 2678; x_wconf 89' lang='lat' dir='ltr'>relate</span> <span class='ocrx_word' id='word_1_387' title='bbox 1085 2625 1117 2680; x_wconf 92' lang='lat' dir='ltr'>ad</span> <span class='ocrx_word' id='word_1_388' title='bbox 1143 2625 1302 2678; x_wconf 91' lang='lat' dir='ltr'>voluntatem</span> <span class='ocrx_word' id='word_1_389' title='bbox 1322 2625 1394 2678; x_wconf 82' lang='lat' dir='ltr'>Adae</span> <span class='ocrx_word' id='word_1_390' title='bbox 1416 2629 1589 2692; x_wconf 82' lang='lat' dir='ltr'>peccatricem</span> <span class='ocrx_word' id='word_1_391' title='bbox 1607 2627 1625 2678; x_wconf 95' lang='lat' dir='ltr'>ll</span> <span class='ocrx_word' id='word_1_392' title='bbox 1663 2625 1763 2677; x_wconf 87' lang='lat' dir='ltr'>ratione</span> <span class='ocrx_word' id='word_1_393' title='bbox 1781 2625 1854 2676; x_wconf 86' lang='grc'>44444</span> <span class='ocrx_word' id='word_1_394' title='bbox 1868 2623 2016 2676; x_wconf 87' lang='lat' dir='ltr'>celebratur</span> <span class='ocrx_word' id='word_1_395' title='bbox 2033 2625 2178 2678; x_wconf 88' lang='lat' dir='ltr'>secundum</span> <span class='ocrx_word' id='word_1_396' title='bbox 2194 2637 2300 2678; x_wconf 88' lang='lat' dir='ltr'>cursum</span> 
     </span>
     <span class='ocr_line' id='line_1_25' title="bbox 308 2711 2259 2782; baseline -0.001 -16"><span class='ocrx_word' id='word_1_397' title='bbox 308 2715 407 2768; x_wconf 90' lang='grc'>4073*.</span> <span class='ocrx_word' id='word_1_398' title='bbox 420 2715 702 2770; x_wconf 80' lang='grc'>447444-74444444</span> <span class='ocrx_word' id='word_1_399' title='bbox 716 2729 765 2770; x_wconf 88' lang='grc'>444</span> <span class='ocrx_word' id='word_1_400' title='bbox 778 2717 945 2782; x_wconf 88' lang='lat' dir='ltr'>daturgratia</span> <span class='ocrx_word' id='word_1_401' title='bbox 983 2715 1036 2768; x_wconf 90' lang='grc'>955</span> <span class='ocrx_word' id='word_1_402' title='bbox 1055 2713 1085 2766; x_wconf 86' lang='grc'>3*</span> <span class='ocrx_word' id='word_1_403' title='bbox 1110 2735 1147 2754; x_wconf 72' lang='grc'>-</span> <span class='ocrx_word' id='word_1_404' title='bbox 1171 2715 1294 2780; x_wconf 88' lang='lat' dir='ltr'>baptizati</span> <span class='ocrx_word' id='word_1_405' title='bbox 1322 2715 1404 2780; x_wconf 79' lang='lat' dir='ltr'>arrigo</span> <span class='ocrx_word' id='word_1_406' title='bbox 1432 2715 1554 2770; x_wconf 88' lang='lat' dir='ltr'>dicuntur</span> <span class='ocrx_word' id='word_1_407' title='bbox 1575 2729 1623 2768; x_wconf 92' lang='lat' dir='ltr'>non</span> <span class='ocrx_word' id='word_1_408' title='bbox 1664 2715 1739 2766; x_wconf 88' lang='lat' dir='ltr'>lunae</span> <span class='ocrx_word' id='word_1_409' title='bbox 1760 2713 1846 2766; x_wconf 90' lang='grc'>44369</span> <span class='ocrx_word' id='word_1_410' title='bbox 1866 2711 1885 2766; x_wconf 92' lang='lat' dir='ltr'>b</span> <span class='ocrx_word' id='word_1_411' title='bbox 2258 2721 2259 2724; x_wconf 74' lang='grc'>’</span> 
     </span>
     <span class='ocr_line' id='line_1_26' title="bbox 307 2803 2300 2876; baseline -0.001 -20"><span class='ocrx_word' id='word_1_412' title='bbox 307 2805 362 2858; x_wconf 87' lang='grc'>4444</span> <span class='ocrx_word' id='word_1_413' title='bbox 379 2805 537 2872; x_wconf 86' lang='lat' dir='ltr'>baptismate</span> <span class='ocrx_word' id='word_1_414' title='bbox 554 2807 573 2858; x_wconf 97' lang='lat' dir='ltr'>ll</span> <span class='ocrx_word' id='word_1_415' title='bbox 595 2805 645 2858; x_wconf 93' lang='grc'>434</span> <span class='ocrx_word' id='word_1_416' title='bbox 665 2805 692 2860; x_wconf 88' lang='grc'>4*</span> <span class='ocrx_word' id='word_1_417' title='bbox 710 2835 746 2846; x_wconf 90' lang='lat'><em>-</em></span> <span class='ocrx_word' id='word_1_418' title='bbox 766 2807 791 2858; x_wconf 92' lang='lat' dir='ltr'>ln</span> <span class='ocrx_word' id='word_1_419' title='bbox 807 2821 874 2860; x_wconf 87' lang='lat' dir='ltr'>nova</span> <span class='ocrx_word' id='word_1_420' title='bbox 888 2807 946 2874; x_wconf 88' lang='lat' dir='ltr'>iege</span> <span class='ocrx_word' id='word_1_421' title='bbox 983 2807 1017 2858; x_wconf 91' lang='lat' dir='ltr'>ita</span> <span class='ocrx_word' id='word_1_422' title='bbox 1043 2806 1138 2876; x_wconf 86' lang='lat' dir='ltr'>laetere</span> <span class='ocrx_word' id='word_1_423' title='bbox 1157 2805 1224 2858; x_wconf 91' lang='lat' dir='ltr'>sicut</span> <span class='ocrx_word' id='word_1_424' title='bbox 1240 2817 1292 2856; x_wconf 92' lang='lat' dir='ltr'>non</span> <span class='ocrx_word' id='word_1_425' title='bbox 1311 2803 1432 2870; x_wconf 89' lang='lat' dir='ltr'>baptizati</span> <span class='ocrx_word' id='word_1_426' title='bbox 1453 2805 1541 2858; x_wconf 92' lang='grc'>44764</span> <span class='ocrx_word' id='word_1_427' title='bbox 1562 2803 1592 2856; x_wconf 74' lang='lat' dir='ltr'>t*</span> <span class='ocrx_word' id='word_1_428' title='bbox 1717 2805 1880 2856; x_wconf 84' lang='grc'>4444444444</span> <span class='ocrx_word' id='word_1_429' title='bbox 1897 2831 1932 2840; x_wconf 82' lang='grc'>-</span> <span class='ocrx_word' id='word_1_430' title='bbox 1952 2803 2057 2868; x_wconf 82' lang='lat' dir='ltr'>beirna,</span> <span class='ocrx_word' id='word_1_431' title='bbox 2078 2817 2139 2854; x_wconf 90' lang='lat' dir='ltr'>cum</span> <span class='ocrx_word' id='word_1_432' title='bbox 2162 2803 2300 2868; x_wconf 86' lang='lat' dir='ltr'>coniungi-</span> 
     </span>
     <span class='ocr_line' id='line_1_27' title="bbox 306 2889 2301 2962; baseline -0.002 -16"><span class='ocrx_word' id='word_1_433' title='bbox 306 2907 358 2946; x_wconf 91' lang='lat' dir='ltr'>non</span> <span class='ocrx_word' id='word_1_434' title='bbox 376 2895 518 2960; x_wconf 86' lang='lat' dir='ltr'>salvantur,</span> <span class='ocrx_word' id='word_1_435' title='bbox 536 2897 583 2946; x_wconf 85' lang='grc'>4444</span> <span class='ocrx_word' id='word_1_436' title='bbox 598 2897 664 2948; x_wconf 89' lang='lat' dir='ltr'>circa</span> <span class='ocrx_word' id='word_1_437' title='bbox 678 2897 750 2962; x_wconf 88' lang='lat' dir='ltr'>ipsos</span> <span class='ocrx_word' id='word_1_438' title='bbox 764 2895 808 2948; x_wconf 88' lang='grc'>4444</span> <span class='ocrx_word' id='word_1_439' title='bbox 822 2909 945 2960; x_wconf 82' lang='lat' dir='ltr'>expressa</span> <span class='ocrx_word' id='word_1_440' title='bbox 1036 2923 1071 2932; x_wconf 90' lang='lat'>-—</span> <span class='ocrx_word' id='word_1_441' title='bbox 1091 2899 1176 2960; x_wconf 89' lang='lat' dir='ltr'>potest</span> <span class='ocrx_word' id='word_1_442' title='bbox 1194 2895 1305 2958; x_wconf 88' lang='lat' dir='ltr'>obligari</span> <span class='ocrx_word' id='word_1_443' title='bbox 1325 2895 1359 2946; x_wconf 91' lang='lat' dir='ltr'>ad</span> <span class='ocrx_word' id='word_1_444' title='bbox 1378 2909 1407 2946; x_wconf 91' lang='lat' dir='ltr'>ea</span> <span class='ocrx_word' id='word_1_445' title='bbox 1427 2907 1495 2960; x_wconf 90' lang='lat' dir='ltr'>quae</span> <span class='ocrx_word' id='word_1_446' title='bbox 1516 2895 1624 2948; x_wconf 86' lang='lat' dir='ltr'>suutde</span> <span class='ocrx_word' id='word_1_447' title='bbox 1662 2895 1705 2944; x_wconf 89' lang='lat' dir='ltr'>lor</span> <span class='ocrx_word' id='word_1_448' title='bbox 1733 2895 1852 2958; x_wconf 85' lang='lat' dir='ltr'>corpori,</span> <span class='ocrx_word' id='word_1_449' title='bbox 1885 2893 2013 2944; x_wconf 86' lang='lat' dir='ltr'>contrahit</span> <span class='ocrx_word' id='word_1_450' title='bbox 2040 2889 2236 2956; x_wconf 84' lang='lat' dir='ltr'>passibilitatem</span> <span class='ocrx_word' id='word_1_451' title='bbox 2270 2903 2301 2944; x_wconf 84' lang='lat' dir='ltr'>ex</span> 
     </span>
     <span class='ocr_line' id='line_1_28' title="bbox 307 2979 2299 3050; baseline 0 -18"><span class='ocrx_word' id='word_1_452' title='bbox 307 2981 366 3036; x_wconf 90' lang='lat' dir='ltr'>lidei</span> <span class='ocrx_word' id='word_1_453' title='bbox 385 2983 513 3048; x_wconf 81' lang='lat' dir='ltr'>professio</span> <span class='ocrx_word' id='word_1_454' title='bbox 534 2991 661 3050; x_wconf 90' lang='lat' dir='ltr'>quantum</span> <span class='ocrx_word' id='word_1_455' title='bbox 679 2981 715 3036; x_wconf 82' lang='grc'>444</span> <span class='ocrx_word' id='word_1_456' title='bbox 728 2991 840 3038; x_wconf 87' lang='lat' dir='ltr'>mortem</span> <span class='ocrx_word' id='word_1_457' title='bbox 853 2983 946 3038; x_wconf 85' lang='lat' dir='ltr'>Christi</span> <span class='ocrx_word' id='word_1_458' title='bbox 983 2985 1040 3036; x_wconf 92' lang='lat' dir='ltr'>iure</span> <span class='ocrx_word' id='word_1_459' title='bbox 1058 2985 1168 3036; x_wconf 87' lang='lat' dir='ltr'>naturali</span> <span class='ocrx_word' id='word_1_460' title='bbox 1187 2991 1214 3038; x_wconf 91' lang='lat' dir='ltr'>et</span> <span class='ocrx_word' id='word_1_461' title='bbox 1231 2985 1256 3036; x_wconf 89' lang='lat' dir='ltr'>in</span> <span class='ocrx_word' id='word_1_462' title='bbox 1274 2983 1497 3050; x_wconf 82' lang='lat' dir='ltr'>possessionibus,</span> <span class='ocrx_word' id='word_1_463' title='bbox 1511 2985 1556 3038; x_wconf 90' lang='lat' dir='ltr'>sed</span> <span class='ocrx_word' id='word_1_464' title='bbox 1572 2999 1623 3036; x_wconf 91' lang='lat' dir='ltr'>nnn</span> <span class='ocrx_word' id='word_1_465' title='bbox 1661 2983 1830 3046; x_wconf 90' lang='lat' dir='ltr'>corruptione</span> <span class='ocrx_word' id='word_1_466' title='bbox 1850 2981 2013 3046; x_wconf 88' lang='lat' dir='ltr'>poenalitatis</span> <span class='ocrx_word' id='word_1_467' title='bbox 2039 2983 2059 3034; x_wconf 97' lang='grc'>44</span> <span class='ocrx_word' id='word_1_468' title='bbox 2079 2979 2131 3034; x_wconf 91' lang='grc'>749</span> <span class='ocrx_word' id='word_1_469' title='bbox 2150 2995 2173 3034; x_wconf 89' lang='lat' dir='ltr'>a.</span> <span class='ocrx_word' id='word_1_470' title='bbox 2197 2981 2223 3032; x_wconf 93' lang='grc'>444</span> <span class='ocrx_word' id='word_1_471' title='bbox 2249 2979 2299 3032; x_wconf 87' lang='grc'>394</span> 
     </span>
     <span class='ocr_line' id='line_1_29' title="bbox 306 3069 2300 3138; baseline -0.001 -16"><span class='ocrx_word' id='word_1_472' title='bbox 306 3071 339 3122; x_wconf 93' lang='grc'>47</span> <span class='ocrx_word' id='word_1_473' title='bbox 362 3071 411 3122; x_wconf 89' lang='grc'>447</span> <span class='ocrx_word' id='word_1_474' title='bbox 429 3071 456 3122; x_wconf 90' lang='lat' dir='ltr'>d.</span> <span class='ocrx_word' id='word_1_475' title='bbox 477 3071 576 3124; x_wconf 82' lang='lat' dir='ltr'>i-lu</span> <span class='ocrx_word' id='word_1_476' title='bbox 593 3087 661 3124; x_wconf 85' lang='grc'>4444</span> <span class='ocrx_word' id='word_1_477' title='bbox 675 3075 733 3138; x_wconf 90' lang='lat' dir='ltr'>lege</span> <span class='ocrx_word' id='word_1_478' title='bbox 746 3085 797 3124; x_wconf 92' lang='lat' dir='ltr'>non</span> <span class='ocrx_word' id='word_1_479' title='bbox 811 3073 946 3124; x_wconf 82' lang='lat' dir='ltr'>salvantur</span> <span class='ocrx_word' id='word_1_480' title='bbox 983 3073 1016 3124; x_wconf 91' lang='lat' dir='ltr'>ad</span> <span class='ocrx_word' id='word_1_481' title='bbox 1036 3075 1188 3124; x_wconf 86' lang='lat' dir='ltr'>servitutem</span> <span class='ocrx_word' id='word_1_482' title='bbox 1209 3071 1241 3122; x_wconf 91' lang='grc'>47</span> <span class='ocrx_word' id='word_1_483' title='bbox 1261 3071 1312 3124; x_wconf 89' lang='grc'>797</span> <span class='ocrx_word' id='word_1_484' title='bbox 1334 3071 1362 3124; x_wconf 91' lang='grc'>2*</span> <span class='ocrx_word' id='word_1_485' title='bbox 1662 3069 1688 3120; x_wconf 91' lang='lat' dir='ltr'>d.</span> <span class='ocrx_word' id='word_1_486' title='bbox 1715 3071 1723 3120; x_wconf 95' lang='lat' dir='ltr'>l</span> <span class='ocrx_word' id='word_1_487' title='bbox 1747 3097 1782 3108; x_wconf 89' lang='lat'><em>-</em></span> <span class='ocrx_word' id='word_1_488' title='bbox 1800 3069 1893 3122; x_wconf 79' lang='lat' dir='ltr'>Anima</span> <span class='ocrx_word' id='word_1_489' title='bbox 1919 3071 2004 3122; x_wconf 91' lang='lat' dir='ltr'>iuncta</span> <span class='ocrx_word' id='word_1_490' title='bbox 2030 3071 2099 3122; x_wconf 91' lang='lat' dir='ltr'>carni</span> <span class='ocrx_word' id='word_1_491' title='bbox 2130 3069 2244 3134; x_wconf 90' lang='lat' dir='ltr'>passibili</span> <span class='ocrx_word' id='word_1_492' title='bbox 2273 3069 2300 3120; x_wconf 86' lang='lat' dir='ltr'>nt</span> 
     </span>
     <span class='ocr_line' id='line_1_30' title="bbox 306 3155 2300 3228; baseline -0.002 -18"><span class='ocrx_word' id='word_1_493' title='bbox 306 3157 359 3210; x_wconf 88' lang='lat' dir='ltr'>lide</span> <span class='ocrx_word' id='word_1_494' title='bbox 377 3165 516 3224; x_wconf 88' lang='lat' dir='ltr'>parentum</span> <span class='ocrx_word' id='word_1_495' title='bbox 537 3159 585 3210; x_wconf 89' lang='lat' dir='ltr'>nisi</span> <span class='ocrx_word' id='word_1_496' title='bbox 605 3159 698 3212; x_wconf 85' lang='grc'>4444444</span> <span class='ocrx_word' id='word_1_497' title='bbox 713 3161 870 3214; x_wconf 88' lang='lat' dir='ltr'>Sacramenti</span> <span class='ocrx_word' id='word_1_498' title='bbox 883 3157 945 3212; x_wconf 89' lang='lat' dir='ltr'>ibid.</span> <span class='ocrx_word' id='word_1_499' title='bbox 1035 3177 1070 3198; x_wconf 68' lang='lat'>-</span> <span class='ocrx_word' id='word_1_500' title='bbox 1090 3159 1286 3226; x_wconf 87' lang='lat' dir='ltr'>confirmantur,</span> <span class='ocrx_word' id='word_1_501' title='bbox 1306 3173 1358 3212; x_wconf 92' lang='lat' dir='ltr'>non</span> <span class='ocrx_word' id='word_1_502' title='bbox 1378 3165 1620 3228; x_wconf 89' lang='lat' dir='ltr'>uttuncpugnent,</span> <span class='ocrx_word' id='word_1_503' title='bbox 1661 3155 1791 3220; x_wconf 89' lang='lat' dir='ltr'>passibilis</span> <span class='ocrx_word' id='word_1_504' title='bbox 1819 3165 1844 3210; x_wconf 91' lang='lat' dir='ltr'>et</span> <span class='ocrx_word' id='word_1_505' title='bbox 1871 3157 1962 3210; x_wconf 91' lang='lat' dir='ltr'>dolens</span> <span class='ocrx_word' id='word_1_506' title='bbox 1991 3159 2011 3208; x_wconf 94' lang='grc'>44</span> <span class='ocrx_word' id='word_1_507' title='bbox 2038 3157 2091 3210; x_wconf 86' lang='grc'>747</span> <span class='ocrx_word' id='word_1_508' title='bbox 2116 3159 2134 3208; x_wconf 88' lang='grc'>4.</span> <span class='ocrx_word' id='word_1_509' title='bbox 2159 3159 2228 3208; x_wconf 85' lang='grc'>6-</span> <span class='ocrx_word' id='word_1_510' title='bbox 2253 3169 2300 3220; x_wconf 91' lang='lat' dir='ltr'>per</span> 
     </span>
     <span class='ocr_line' id='line_1_31' title="bbox 305 3243 2299 3314; baseline 0.003 -14"><span class='ocrx_word' id='word_1_511' title='bbox 305 3273 340 3284; x_wconf 91' lang='lat'><em>-</em></span> <span class='ocrx_word' id='word_1_512' title='bbox 359 3249 414 3300; x_wconf 90' lang='lat' dir='ltr'>sine</span> <span class='ocrx_word' id='word_1_513' title='bbox 433 3247 564 3312; x_wconf 88' lang='lat' dir='ltr'>baptismo</span> <span class='ocrx_word' id='word_1_514' title='bbox 585 3247 947 3312; x_wconf 87' lang='lat' dir='ltr'>non-salvantur,sicntsal-</span> <span class='ocrx_word' id='word_1_515' title='bbox 982 3247 1622 3314; x_wconf 87' lang='lat' dir='ltr'>sedpraemuninntur,utpostmodmnpugnent</span> <span class='ocrx_word' id='word_1_516' title='bbox 1661 3245 1734 3306; x_wconf 90' lang='lat' dir='ltr'>prius</span> <span class='ocrx_word' id='word_1_517' title='bbox 1762 3245 1829 3294; x_wconf 89' lang='lat' dir='ltr'>inest</span> <span class='ocrx_word' id='word_1_518' title='bbox 1846 3245 1949 3296; x_wconf 65' lang='grc'>49440417</span> <span class='ocrx_word' id='word_1_519' title='bbox 1975 3251 2102 3310; x_wconf 89' lang='lat' dir='ltr'>quantum</span> <span class='ocrx_word' id='word_1_520' title='bbox 2132 3243 2163 3296; x_wconf 75' lang='lat' dir='ltr'>illi</span> <span class='ocrx_word' id='word_1_521' title='bbox 2193 3257 2299 3298; x_wconf 87' lang='lat' dir='ltr'>causam</span> 
     </span>
     <span class='ocr_line' id='line_1_32' title="bbox 303 3331 2299 3398; baseline 0 -14"><span class='ocrx_word' id='word_1_522' title='bbox 303 3333 433 3390; x_wconf 80' lang='lat' dir='ltr'>rebantur</span> <span class='ocrx_word' id='word_1_523' title='bbox 450 3337 506 3388; x_wconf 88' lang='lat' dir='ltr'>sine</span> <span class='ocrx_word' id='word_1_524' title='bbox 524 3337 723 3390; x_wconf 87' lang='lat' dir='ltr'>circumcisione</span> <span class='ocrx_word' id='word_1_525' title='bbox 740 3341 800 3388; x_wconf 89' lang='lat' dir='ltr'>ante</span> <span class='ocrx_word' id='word_1_526' title='bbox 818 3341 943 3388; x_wconf 87' lang='grc'>44444444</span> <span class='ocrx_word' id='word_1_527' title='bbox 982 3337 1016 3390; x_wconf 89' lang='grc'>47</span> <span class='ocrx_word' id='word_1_528' title='bbox 1038 3337 1088 3390; x_wconf 91' lang='grc'>473</span> <span class='ocrx_word' id='word_1_529' title='bbox 1109 3335 1138 3388; x_wconf 93' lang='grc'>2*</span> <span class='ocrx_word' id='word_1_530' title='bbox 1661 3333 1774 3398; x_wconf 86' lang='lat' dir='ltr'>primaru</span> <span class='ocrx_word' id='word_1_531' title='bbox 1799 3333 1829 3384; x_wconf 95' lang='lat' dir='ltr'>lll</span> <span class='ocrx_word' id='word_1_532' title='bbox 1855 3333 1907 3384; x_wconf 91' lang='grc'>394</span> <span class='ocrx_word' id='word_1_533' title='bbox 1936 3333 1963 3386; x_wconf 92' lang='lat' dir='ltr'>d.</span> <span class='ocrx_word' id='word_1_534' title='bbox 1991 3333 2002 3384; x_wconf 93' lang='grc'>4</span> <span class='ocrx_word' id='word_1_535' title='bbox 2025 3357 2062 3372; x_wconf 89' lang='lat'>-·-</span> <span class='ocrx_word' id='word_1_536' title='bbox 2080 3335 2103 3384; x_wconf 94' lang='lat' dir='ltr'>in</span> <span class='ocrx_word' id='word_1_537' title='bbox 2135 3333 2210 3386; x_wconf 88' lang='lat' dir='ltr'>nobis</span> <span class='ocrx_word' id='word_1_538' title='bbox 2236 3331 2299 3384; x_wconf 88' lang='lat' dir='ltr'>dicit</span> 
     </span>
     <span class='ocr_line' id='line_1_33' title="bbox 305 3423 2298 3492; baseline -0.002 -16"><span class='ocrx_word' id='word_1_539' title='bbox 305 3423 374 3476; x_wconf 89' lang='lat' dir='ltr'>diem</span> <span class='ocrx_word' id='word_1_540' title='bbox 399 3425 433 3478; x_wconf 91' lang='grc'>47</span> <span class='ocrx_word' id='word_1_541' title='bbox 459 3423 488 3476; x_wconf 90' lang='grc'>44</span> <span class='ocrx_word' id='word_1_542' title='bbox 517 3425 597 3478; x_wconf 88' lang='lat' dir='ltr'>b·-</span> <span class='ocrx_word' id='word_1_543' title='bbox 620 3427 675 3478; x_wconf 90' lang='lat' dir='ltr'>siue</span> <span class='ocrx_word' id='word_1_544' title='bbox 699 3425 831 3490; x_wconf 89' lang='lat' dir='ltr'>baptismo</span> <span class='ocrx_word' id='word_1_545' title='bbox 861 3439 944 3492; x_wconf 90' lang='lat' dir='ltr'>aquae</span> <span class='ocrx_word' id='word_1_546' title='bbox 1036 3453 1071 3464; x_wconf 90' lang='lat'>·—</span> <span class='ocrx_word' id='word_1_547' title='bbox 1090 3427 1218 3478; x_wconf 89' lang='lat' dir='ltr'>Ecclesiae</span> <span class='ocrx_word' id='word_1_548' title='bbox 1231 3429 1360 3480; x_wconf 89' lang='lat' dir='ltr'>orationes</span> <span class='ocrx_word' id='word_1_549' title='bbox 1373 3441 1422 3492; x_wconf 89' lang='grc'>444</span> <span class='ocrx_word' id='word_1_550' title='bbox 1435 3429 1551 3492; x_wconf 82' lang='lat' dir='ltr'>parvulis</span> <span class='ocrx_word' id='word_1_551' title='bbox 1565 3441 1623 3492; x_wconf 89' lang='lat' dir='ltr'>pro·</span> <span class='ocrx_word' id='word_1_552' title='bbox 1661 3423 1857 3486; x_wconf 85' lang='lat' dir='ltr'>dispositionem</span> <span class='ocrx_word' id='word_1_553' title='bbox 1878 3431 2081 3486; x_wconf 88' lang='lat' dir='ltr'>consurgentem</span> <span class='ocrx_word' id='word_1_554' title='bbox 2093 3435 2124 3474; x_wconf 87' lang='lat' dir='ltr'>ex</span> <span class='ocrx_word' id='word_1_555' title='bbox 2141 3423 2232 3486; x_wconf 90' lang='lat' dir='ltr'>culpae</span> <span class='ocrx_word' id='word_1_556' title='bbox 2246 3435 2298 3474; x_wconf 90' lang='lat' dir='ltr'>me·</span> 
     </span>
     <span class='ocr_line' id='line_1_34' title="bbox 305 3509 2298 3580; baseline -0.001 -16"><span class='ocrx_word' id='word_1_557' title='bbox 305 3515 420 3566; x_wconf 89' lang='lat' dir='ltr'>moriens</span> <span class='ocrx_word' id='word_1_558' title='bbox 437 3513 586 3578; x_wconf 89' lang='lat' dir='ltr'>damnator,</span> <span class='ocrx_word' id='word_1_559' title='bbox 607 3529 657 3566; x_wconf 93' lang='lat' dir='ltr'>non</span> <span class='ocrx_word' id='word_1_560' title='bbox 676 3519 786 3580; x_wconf 89' lang='grc'>4444444</span> <span class='ocrx_word' id='word_1_561' title='bbox 803 3519 945 3578; x_wconf 82' lang='lat' dir='ltr'>transgres-</span> <span class='ocrx_word' id='word_1_562' title='bbox 984 3521 1045 3566; x_wconf 89' lang='lat' dir='ltr'>sunt</span> <span class='ocrx_word' id='word_1_563' title='bbox 1063 3515 1119 3566; x_wconf 90' lang='lat' dir='ltr'>aliis</span> <span class='ocrx_word' id='word_1_564' title='bbox 1138 3515 1171 3568; x_wconf 89' lang='grc'>47</span> <span class='ocrx_word' id='word_1_565' title='bbox 1191 3515 1241 3568; x_wconf 89' lang='grc'>449</span> <span class='ocrx_word' id='word_1_566' title='bbox 1263 3515 1324 3568; x_wconf 75' lang='grc'>(4.6</span> <span class='ocrx_word' id='word_1_567' title='bbox 1574 3577 1575 3580; x_wconf 9' lang='lat'>¹</span> <span class='ocrx_word' id='word_1_568' title='bbox 1661 3511 1710 3562; x_wconf 89' lang='grc'>4444</span> <span class='ocrx_word' id='word_1_569' title='bbox 1728 3513 1756 3562; x_wconf 95' lang='grc'>444</span> <span class='ocrx_word' id='word_1_570' title='bbox 1785 3511 1837 3562; x_wconf 91' lang='grc'>360</span> <span class='ocrx_word' id='word_1_571' title='bbox 1866 3509 1926 3562; x_wconf 91' lang='lat' dir='ltr'>d.3</span> <span class='ocrx_word' id='word_1_572' title='bbox 1946 3511 2026 3564; x_wconf 90' lang='lat' dir='ltr'>-in</span> <span class='ocrx_word' id='word_1_573' title='bbox 2053 3511 2171 3564; x_wconf 90' lang='lat' dir='ltr'>rationali</span> <span class='ocrx_word' id='word_1_574' title='bbox 2201 3517 2298 3564; x_wconf 87' lang='lat' dir='ltr'>tanturn</span> 
     </span>
     <span class='ocr_line' id='line_1_35' title="bbox 305 3597 2298 3670; baseline -0.003 -16"><span class='ocrx_word' id='word_1_575' title='bbox 305 3603 406 3654; x_wconf 88' lang='lat' dir='ltr'>sionem</span> <span class='ocrx_word' id='word_1_576' title='bbox 426 3605 571 3670; x_wconf 85' lang='lat' dir='ltr'>praecepti,</span> <span class='ocrx_word' id='word_1_577' title='bbox 595 3603 945 3668; x_wconf 82' lang='lat' dir='ltr'>sedproptercnlpamori-</span> <span class='ocrx_word' id='word_1_578' title='bbox 1036 3633 1068 3642; x_wconf 90' lang='lat'><em>-</em></span> <span class='ocrx_word' id='word_1_579' title='bbox 1089 3610 1176 3656; x_wconf 90' lang='lat' dir='ltr'>carent</span> <span class='ocrx_word' id='word_1_580' title='bbox 1195 3605 1289 3656; x_wconf 87' lang='lat' dir='ltr'>iustitia</span> <span class='ocrx_word' id='word_1_581' title='bbox 1308 3604 1427 3670; x_wconf 88' lang='lat' dir='ltr'>originali</span> <span class='ocrx_word' id='word_1_582' title='bbox 1457 3605 1488 3656; x_wconf 92' lang='grc'>47</span> <span class='ocrx_word' id='word_1_583' title='bbox 1515 3605 1566 3656; x_wconf 86' lang='grc'>549</span> <span class='ocrx_word' id='word_1_584' title='bbox 1595 3603 1621 3656; x_wconf 77' lang='grc'>6*</span> <span class='ocrx_word' id='word_1_585' title='bbox 1660 3605 1779 3652; x_wconf 87' lang='lat' dir='ltr'>creatura</span> <span class='ocrx_word' id='word_1_586' title='bbox 1797 3605 1932 3664; x_wconf 87' lang='lat' dir='ltr'>estpoena</span> <span class='ocrx_word' id='word_1_587' title='bbox 1954 3599 1971 3650; x_wconf 97' lang='grc'>44</span> <span class='ocrx_word' id='word_1_588' title='bbox 1989 3597 2091 3652; x_wconf 77' lang='lat' dir='ltr'>ita-t*</span> <span class='ocrx_word' id='word_1_589' title='bbox 2108 3601 2298 3654; x_wconf 82' lang='lat' dir='ltr'>-secundunr</span> 
     </span>
     <span class='ocr_line' id='line_1_36' title="bbox 307 3677 2298 3760; baseline 0.006 -20"><span class='ocrx_word' id='word_1_590' title='bbox 307 3693 432 3758; x_wconf 85' lang='lat' dir='ltr'>ginalem‚</span> <span class='ocrx_word' id='word_1_591' title='bbox 451 3705 519 3758; x_wconf 89' lang='lat' dir='ltr'>quae</span> <span class='ocrx_word' id='word_1_592' title='bbox 536 3699 656 3744; x_wconf 85' lang='lat' dir='ltr'>remanet</span> <span class='ocrx_word' id='word_1_593' title='bbox 674 3707 726 3744; x_wconf 92' lang='lat' dir='ltr'>non</span> <span class='ocrx_word' id='word_1_594' title='bbox 744 3691 828 3744; x_wconf 88' lang='lat' dir='ltr'>deleta</span> <span class='ocrx_word' id='word_1_595' title='bbox 847 3691 944 3744; x_wconf 87' lang='grc'>47407</span> <span class='ocrx_word' id='word_1_596' title='bbox 981 3677 1017 3734; x_wconf 92' lang='grc' dir='ltr'>Ι--</span> <span class='ocrx_word' id='word_1_597' title='bbox 1037 3707 1087 3746; x_wconf 88' lang='grc'>444</span> <span class='ocrx_word' id='word_1_598' title='bbox 1104 3693 1261 3746; x_wconf 88' lang='lat' dir='ltr'>damnantur</span> <span class='ocrx_word' id='word_1_599' title='bbox 1276 3707 1322 3760; x_wconf 90' lang='lat' dir='ltr'>pro</span> <span class='ocrx_word' id='word_1_600' title='bbox 1337 3693 1497 3758; x_wconf 74' lang='lat' dir='ltr'>culpandae</span> <span class='ocrx_word' id='word_1_601' title='bbox 1512 3699 1619 3760; x_wconf 90' lang='lat' dir='ltr'>tantum,</span> <span class='ocrx_word' id='word_1_602' title='bbox 1660 3692 1755 3739; x_wconf 73' lang='grc'>6430440</span> <span class='ocrx_word' id='word_1_603' title='bbox 1776 3693 1882 3738; x_wconf 66' lang='lat' dir='ltr'>ididiae</span> <span class='ocrx_word' id='word_1_604' title='bbox 1902 3687 1989 3750; x_wconf 89' lang='lat' dir='ltr'>lapsae</span> <span class='ocrx_word' id='word_1_605' title='bbox 2009 3691 2046 3740; x_wconf 68' lang='lat' dir='ltr'>isi</span> <span class='ocrx_word' id='word_1_606' title='bbox 2073 3687 2186 3752; x_wconf 89' lang='lat' dir='ltr'>patiendi</span> <span class='ocrx_word' id='word_1_607' title='bbox 2213 3701 2298 3742; x_wconf 89' lang='lat' dir='ltr'>neces·</span> 
     </span>
     <span class='ocr_line' id='line_1_37' title="bbox 305 3777 1911 3848; baseline 0.002 -16"><span class='ocrx_word' id='word_1_608' title='bbox 305 3777 345 3832; x_wconf 69' lang='lat'>3²¹.</span> <span class='ocrx_word' id='word_1_609' title='bbox 370 3779 418 3832; x_wconf 88' lang='grc'>447</span> <span class='ocrx_word' id='word_1_610' title='bbox 437 3779 465 3834; x_wconf 89' lang='lat' dir='ltr'>d.</span> <span class='ocrx_word' id='word_1_611' title='bbox 485 3779 500 3834; x_wconf 90' lang='grc'>4</span> <span class='ocrx_word' id='word_1_612' title='bbox 519 3801 554 3818; x_wconf 57' lang='lat' dir='ltr'>e·-</span> <span class='ocrx_word' id='word_1_613' title='bbox 577 3783 706 3846; x_wconf 63' lang='grc'>4444444444,</span> <span class='ocrx_word' id='word_1_614' title='bbox 731 3783 774 3848; x_wconf 88' lang='lat' dir='ltr'>qui</span> <span class='ocrx_word' id='word_1_615' title='bbox 797 3783 944 3834; x_wconf 85' lang='lat' dir='ltr'>moriuntur</span> <span class='ocrx_word' id='word_1_616' title='bbox 983 3783 1028 3834; x_wconf 90' lang='lat' dir='ltr'>sed</span> <span class='ocrx_word' id='word_1_617' title='bbox 1049 3795 1098 3848; x_wconf 92' lang='lat' dir='ltr'>pro</span> <span class='ocrx_word' id='word_1_618' title='bbox 1111 3783 1218 3848; x_wconf 86' lang='lat' dir='ltr'>propria</span> <span class='ocrx_word' id='word_1_619' title='bbox 1233 3797 1281 3848; x_wconf 91' lang='lat' dir='ltr'>per</span> <span class='ocrx_word' id='word_1_620' title='bbox 1293 3783 1495 3836; x_wconf 88' lang='lat' dir='ltr'>contractionem</span> <span class='ocrx_word' id='word_1_621' title='bbox 1509 3785 1529 3836; x_wconf 97' lang='lat' dir='ltr'>ll</span> <span class='ocrx_word' id='word_1_622' title='bbox 1541 3783 1620 3836; x_wconf 90' lang='grc'>7834</span> <span class='ocrx_word' id='word_1_623' title='bbox 1660 3777 1722 3828; x_wconf 69' lang='lat' dir='ltr'>Silili</span> <span class='ocrx_word' id='word_1_624' title='bbox 1739 3777 1769 3828; x_wconf 85' lang='lat' dir='ltr'>ili</span> <span class='ocrx_word' id='word_1_625' title='bbox 1789 3777 1842 3828; x_wconf 86' lang='grc'>350</span> <span class='ocrx_word' id='word_1_626' title='bbox 1859 3777 1877 3828; x_wconf 86' lang='lat' dir='ltr'>i·</span> <span class='ocrx_word' id='word_1_627' title='bbox 1898 3777 1911 3828; x_wconf 88' lang='grc'>3</span> 
     </span>
     <span class='ocr_line' id='line_1_38' title="bbox 305 3865 2298 3938; baseline 0.002 -18"><span class='ocrx_word' id='word_1_628' title='bbox 305 3873 363 3922; x_wconf 86' lang='grc'>4444</span> <span class='ocrx_word' id='word_1_629' title='bbox 381 3867 525 3936; x_wconf 87' lang='grc'>4444444444,</span> <span class='ocrx_word' id='word_1_630' title='bbox 548 3871 616 3922; x_wconf 88' lang='lat' dir='ltr'>Deus</span> <span class='ocrx_word' id='word_1_631' title='bbox 634 3871 762 3936; x_wconf 89' lang='lat' dir='ltr'>impendit</span> <span class='ocrx_word' id='word_1_632' title='bbox 782 3865 942 3924; x_wconf 61' lang='lat' dir='ltr'>&#39;beneficium</span> <span class='ocrx_word' id='word_1_633' title='bbox 1035 3879 1070 3910; x_wconf 59' lang='lat'>⁴·-</span> <span class='ocrx_word' id='word_1_634' title='bbox 1082 3885 1132 3924; x_wconf 90' lang='lat' dir='ltr'>non</span> <span class='ocrx_word' id='word_1_635' title='bbox 1145 3871 1267 3936; x_wconf 83' lang='lat' dir='ltr'>baptizati</span> <span class='ocrx_word' id='word_1_636' title='bbox 1278 3873 1422 3938; x_wconf 88' lang='lat' dir='ltr'>puniuntur</span> <span class='ocrx_word' id='word_1_637' title='bbox 1431 3885 1515 3936; x_wconf 88' lang='lat' dir='ltr'>poena</span> <span class='ocrx_word' id='word_1_638' title='bbox 1530 3873 1620 3924; x_wconf 90' lang='lat' dir='ltr'>damni</span> <span class='ocrx_word' id='word_1_639' title='bbox 1712 3891 1747 3904; x_wconf 90' lang='lat'>-</span> <span class='ocrx_word' id='word_1_640' title='bbox 1764 3865 1865 3930; x_wconf 84' lang='lat' dir='ltr'>corpus</span> <span class='ocrx_word' id='word_1_641' title='bbox 1879 3867 1991 3918; x_wconf 85' lang='lat' dir='ltr'>bominis</span> <span class='ocrx_word' id='word_1_642' title='bbox 2005 3869 2043 3918; x_wconf 86' lang='lat' dir='ltr'>esi</span> <span class='ocrx_word' id='word_1_643' title='bbox 2055 3867 2205 3930; x_wconf 73' lang='lat' dir='ltr'>possibilius</span> <span class='ocrx_word' id='word_1_644' title='bbox 2218 3877 2298 3932; x_wconf 74' lang='lat' dir='ltr'>sittim</span> 
     </span>
     <span class='ocr_line' id='line_1_39' title="bbox 304 3953 2295 4024; baseline -0.002 -16"><span class='ocrx_word' id='word_1_645' title='bbox 304 3957 507 4010; x_wconf 81' lang='lat' dir='ltr'>conservationis</span> <span class='ocrx_word' id='word_1_646' title='bbox 521 3967 642 4024; x_wconf 88' lang='lat' dir='ltr'>naturae,</span> <span class='ocrx_word' id='word_1_647' title='bbox 658 3965 682 4012; x_wconf 82' lang='grc'>44</span> <span class='ocrx_word' id='word_1_648' title='bbox 697 3963 804 4024; x_wconf 80' lang='lat' dir='ltr'>paratus</span> <span class='ocrx_word' id='word_1_649' title='bbox 815 3963 884 4012; x_wconf 89' lang='lat' dir='ltr'>esset</span> <span class='ocrx_word' id='word_1_650' title='bbox 897 3959 944 4010; x_wconf 90' lang='lat' dir='ltr'>im·</span> <span class='ocrx_word' id='word_1_651' title='bbox 971 3961 1007 4012; x_wconf 72' lang='lat' dir='ltr'>,ln</span> <span class='ocrx_word' id='word_1_652' title='bbox 1028 3957 1108 4010; x_wconf 88' lang='lat' dir='ltr'>limbo</span> <span class='ocrx_word' id='word_1_653' title='bbox 1127 3959 1161 4012; x_wconf 93' lang='grc'>47</span> <span class='ocrx_word' id='word_1_654' title='bbox 1179 3959 1233 4010; x_wconf 91' lang='grc'>940</span> <span class='ocrx_word' id='word_1_655' title='bbox 1251 3973 1266 4010; x_wconf 89' lang='lat' dir='ltr'>a</span> <span class='ocrx_word' id='word_1_656' title='bbox 1286 3985 1321 3996; x_wconf 88' lang='lat'>--</span> <span class='ocrx_word' id='word_1_657' title='bbox 1340 3971 1401 4012; x_wconf 85' lang='lat' dir='ltr'>sanc</span> <span class='ocrx_word' id='word_1_658' title='bbox 1419 3961 1443 4010; x_wconf 93' lang='lat' dir='ltr'>in</span> <span class='ocrx_word' id='word_1_659' title='bbox 1460 3967 1539 4024; x_wconf 88' lang='lat' dir='ltr'>parte</span> <span class='ocrx_word' id='word_1_660' title='bbox 1555 3961 1620 4012; x_wconf 89' lang='lat' dir='ltr'>inte·</span> <span class='ocrx_word' id='word_1_661' title='bbox 1659 3954 1708 4006; x_wconf 87' lang='lat' dir='ltr'>alia</span> <span class='ocrx_word' id='word_1_662' title='bbox 1731 3967 1784 4006; x_wconf 87' lang='lat' dir='ltr'>non</span> <span class='ocrx_word' id='word_1_663' title='bbox 1808 3955 1908 4008; x_wconf 89' lang='lat' dir='ltr'>ratione</span> <span class='ocrx_word' id='word_1_664' title='bbox 1932 3953 2066 4008; x_wconf 89' lang='lat' dir='ltr'>nobilioris</span> <span class='ocrx_word' id='word_1_665' title='bbox 2093 3955 2295 4020; x_wconf 80' lang='lat' dir='ltr'>complexionis,</span> 
     </span>
     <span class='ocr_line' id='line_1_40' title="bbox 304 4043 2297 4114; baseline -0.002 -16"><span class='ocrx_word' id='word_1_666' title='bbox 304 4047 420 4110; x_wconf 87' lang='lat' dir='ltr'>pendere</span> <span class='ocrx_word' id='word_1_667' title='bbox 439 4047 596 4100; x_wconf 84' lang='lat' dir='ltr'>beneficium</span> <span class='ocrx_word' id='word_1_668' title='bbox 613 4047 944 4114; x_wconf 85' lang='lat' dir='ltr'>gratiae,siperduceren·</span> <span class='ocrx_word' id='word_1_669' title='bbox 982 4047 1044 4098; x_wconf 91' lang='lat' dir='ltr'>riori</span> <span class='ocrx_word' id='word_1_670' title='bbox 1061 4047 1224 4114; x_wconf 85' lang='lat' dir='ltr'>limbi,nuia</span> <span class='ocrx_word' id='word_1_671' title='bbox 1242 4047 1493 4100; x_wconf 86' lang='lat' dir='ltr'>habentcarentiarn</span> <span class='ocrx_word' id='word_1_672' title='bbox 1512 4049 1620 4100; x_wconf 86' lang='lat' dir='ltr'>visionis</span> <span class='ocrx_word' id='word_1_673' title='bbox 1662 4043 1710 4096; x_wconf 88' lang='lat' dir='ltr'>sed</span> <span class='ocrx_word' id='word_1_674' title='bbox 1736 4045 1836 4096; x_wconf 90' lang='lat' dir='ltr'>ratione</span> <span class='ocrx_word' id='word_1_675' title='bbox 1865 4043 2050 4108; x_wconf 81' lang='lat' dir='ltr'>poenalitatem</span> <span class='ocrx_word' id='word_1_676' title='bbox 2081 4043 2235 4098; x_wconf 88' lang='lat' dir='ltr'>inflictarum</span> <span class='ocrx_word' id='word_1_677' title='bbox 2264 4043 2297 4098; x_wconf 91' lang='grc'>47</span> 
     </span>
     <span class='ocr_line' id='line_1_41' title="bbox 304 4131 1778 4204; baseline 0 -16"><span class='ocrx_word' id='word_1_678' title='bbox 304 4145 345 4188; x_wconf 88' lang='grc'>444</span> <span class='ocrx_word' id='word_1_679' title='bbox 365 4135 396 4188; x_wconf 91' lang='lat' dir='ltr'>ad</span> <span class='ocrx_word' id='word_1_680' title='bbox 417 4135 576 4200; x_wconf 90' lang='lat' dir='ltr'>baptismum</span> <span class='ocrx_word' id='word_1_681' title='bbox 599 4137 687 4190; x_wconf 86' lang='grc'>44774</span> <span class='ocrx_word' id='word_1_682' title='bbox 707 4137 738 4190; x_wconf 88' lang='grc'>6*</span> <span class='ocrx_word' id='word_1_683' title='bbox 754 4161 792 4176; x_wconf 89' lang='grc'><strong>-</strong></span> <span class='ocrx_word' id='word_1_684' title='bbox 810 4139 856 4204; x_wconf 84' lang='grc'>444</span> <span class='ocrx_word' id='word_1_685' title='bbox 875 4139 944 4190; x_wconf 88' lang='lat' dir='ltr'>occi·</span> <span class='ocrx_word' id='word_1_686' title='bbox 982 4137 1038 4188; x_wconf 91' lang='lat' dir='ltr'>sine</span> <span class='ocrx_word' id='word_1_687' title='bbox 1052 4137 1247 4200; x_wconf 84' lang='lat' dir='ltr'>exspectatione</span> <span class='ocrx_word' id='word_1_688' title='bbox 1265 4133 1300 4190; x_wconf 88' lang='lat' dir='ltr'>ib.</span> <span class='ocrx_word' id='word_1_689' title='bbox 1319 4135 1347 4188; x_wconf 92' lang='lat' dir='ltr'>b.</span> <span class='ocrx_word' id='word_1_690' title='bbox 1365 4137 1412 4188; x_wconf 86' lang='grc'>944</span> <span class='ocrx_word' id='word_1_691' title='bbox 1436 4135 1454 4188; x_wconf 92' lang='lat' dir='ltr'>b</span> <span class='ocrx_word' id='word_1_692' title='bbox 1473 4163 1507 4176; x_wconf 86' lang='lat'>-</span> <span class='ocrx_word' id='word_1_693' title='bbox 1522 4149 1620 4202; x_wconf 89' lang='lat' dir='ltr'>ponun·</span> <span class='ocrx_word' id='word_1_694' title='bbox 1661 4133 1728 4184; x_wconf 79' lang='grc'>4023</span> <span class='ocrx_word' id='word_1_695' title='bbox 1748 4131 1778 4184; x_wconf 84' lang='grc'>2*</span> 
     </span>
     <span class='ocr_line' id='line_1_42' title="bbox 305 4219 2297 4290; baseline -0.001 -16"><span class='ocrx_word' id='word_1_696' title='bbox 305 4221 380 4290; x_wconf 90' lang='lat' dir='ltr'>ditur,</span> <span class='ocrx_word' id='word_1_697' title='bbox 401 4235 434 4274; x_wconf 90' lang='lat' dir='ltr'>ne</span> <span class='ocrx_word' id='word_1_698' title='bbox 452 4221 609 4290; x_wconf 90' lang='lat' dir='ltr'>baptizetur,</span> <span class='ocrx_word' id='word_1_699' title='bbox 627 4227 672 4290; x_wconf 75' lang='grc'>444</span> <span class='ocrx_word' id='word_1_700' title='bbox 689 4225 805 4278; x_wconf 88' lang='lat' dir='ltr'>creditur</span> <span class='ocrx_word' id='word_1_701' title='bbox 833 4225 859 4274; x_wconf 92' lang='lat' dir='ltr'>in</span> <span class='ocrx_word' id='word_1_702' title='bbox 887 4237 943 4276; x_wconf 89' lang='lat' dir='ltr'>san·</span> <span class='ocrx_word' id='word_1_703' title='bbox 982 4221 1138 4274; x_wconf 91' lang='lat' dir='ltr'>turlnloco</span> <span class='ocrx_word' id='word_1_704' title='bbox 1159 4221 1202 4274; x_wconf 90' lang='lat' dir='ltr'>vili</span> <span class='ocrx_word' id='word_1_705' title='bbox 1223 4221 1359 4288; x_wconf 86' lang='grc'>444944,</span> <span class='ocrx_word' id='word_1_706' title='bbox 1380 4221 1410 4272; x_wconf 89' lang='grc'>4*</span> <span class='ocrx_word' id='word_1_707' title='bbox 1712 4249 1746 4260; x_wconf 94' lang='grc'>-</span> <span class='ocrx_word' id='word_1_708' title='bbox 1766 4221 1866 4284; x_wconf 89' lang='lat' dir='ltr'>Corpus</span> <span class='ocrx_word' id='word_1_709' title='bbox 1886 4221 1977 4274; x_wconf 89' lang='lat' dir='ltr'>Christi</span> <span class='ocrx_word' id='word_1_710' title='bbox 1991 4219 2084 4274; x_wconf 86' lang='lat' dir='ltr'>habuit</span> <span class='ocrx_word' id='word_1_711' title='bbox 2102 4221 2297 4286; x_wconf 89' lang='lat' dir='ltr'>passibilitatem</span> 
     </span>
     <span class='ocr_line' id='line_1_43' title="bbox 305 4307 2297 4376; baseline 0 -14"><span class='ocrx_word' id='word_1_712' title='bbox 305 4311 382 4376; x_wconf 84' lang='lat' dir='ltr'>guine</span> <span class='ocrx_word' id='word_1_713' title='bbox 401 4323 449 4362; x_wconf 89' lang='lat' dir='ltr'>suo</span> <span class='ocrx_word' id='word_1_714' title='bbox 469 4309 615 4376; x_wconf 86' lang='lat' dir='ltr'>baptizatus</span> <span class='ocrx_word' id='word_1_715' title='bbox 632 4313 667 4364; x_wconf 91' lang='grc'>47</span> <span class='ocrx_word' id='word_1_716' title='bbox 687 4315 696 4364; x_wconf 94' lang='lat' dir='ltr'>l</span> <span class='ocrx_word' id='word_1_717' title='bbox 705 4311 738 4364; x_wconf 94' lang='grc'>47</span> <span class='ocrx_word' id='word_1_718' title='bbox 757 4311 784 4364; x_wconf 88' lang='lat' dir='ltr'>d.</span> <span class='ocrx_word' id='word_1_719' title='bbox 803 4311 819 4364; x_wconf 92' lang='grc'>4</span> <span class='ocrx_word' id='word_1_720' title='bbox 1034 4329 1068 4348; x_wconf 73' lang='lat'>——</span> <span class='ocrx_word' id='word_1_721' title='bbox 1088 4309 1204 4362; x_wconf 81' lang='grc'>94444444</span> <span class='ocrx_word' id='word_1_722' title='bbox 1232 4311 1356 4374; x_wconf 89' lang='lat' dir='ltr'>competit</span> <span class='ocrx_word' id='word_1_723' title='bbox 1382 4315 1465 4362; x_wconf 90' lang='lat' dir='ltr'>status</span> <span class='ocrx_word' id='word_1_724' title='bbox 1490 4311 1517 4362; x_wconf 91' lang='lat' dir='ltr'>in</span> <span class='ocrx_word' id='word_1_725' title='bbox 1540 4311 1620 4362; x_wconf 88' lang='lat' dir='ltr'>limbo</span> <span class='ocrx_word' id='word_1_726' title='bbox 1658 4311 1686 4362; x_wconf 98' lang='lat' dir='ltr'>lll</span> <span class='ocrx_word' id='word_1_727' title='bbox 1708 4309 1757 4362; x_wconf 89' lang='grc'>359</span> <span class='ocrx_word' id='word_1_728' title='bbox 1779 4309 1795 4362; x_wconf 92' lang='lat' dir='ltr'>b</span> <span class='ocrx_word' id='word_1_729' title='bbox 1814 4325 1851 4348; x_wconf 49' lang='lat' dir='ltr'>a</span> <span class='ocrx_word' id='word_1_730' title='bbox 1867 4307 1984 4362; x_wconf 90' lang='lat' dir='ltr'>Christus</span> <span class='ocrx_word' id='word_1_731' title='bbox 2003 4311 2127 4362; x_wconf 90' lang='lat' dir='ltr'>assumsit</span> <span class='ocrx_word' id='word_1_732' title='bbox 2146 4311 2297 4376; x_wconf 89' lang='lat' dir='ltr'>passibilita-</span> 
     </span>
     <span class='ocr_line' id='line_1_44' title="bbox 356 4395 2296 4466; baseline -0.001 -14"><span class='ocrx_word' id='word_1_733' title='bbox 356 4427 390 4440; x_wconf 87' lang='lat'><em>-</em></span> <span class='ocrx_word' id='word_1_734' title='bbox 410 4401 526 4452; x_wconf 83' lang='grc'>94444444</span> <span class='ocrx_word' id='word_1_735' title='bbox 546 4401 611 4454; x_wconf 83' lang='lat' dir='ltr'>fides</span> <span class='ocrx_word' id='word_1_736' title='bbox 626 4401 711 4454; x_wconf 89' lang='lat' dir='ltr'>aliena</span> <span class='ocrx_word' id='word_1_737' title='bbox 736 4399 859 4454; x_wconf 86' lang='lat' dir='ltr'>subvenit</span> <span class='ocrx_word' id='word_1_738' title='bbox 882 4413 944 4464; x_wconf 92' lang='lat' dir='ltr'>pro·</span> <span class='ocrx_word' id='word_1_739' title='bbox 981 4399 1038 4450; x_wconf 87' lang='lat' dir='ltr'>sino</span> <span class='ocrx_word' id='word_1_740' title='bbox 1055 4413 1138 4462; x_wconf 88' lang='grc'>44444</span> <span class='ocrx_word' id='word_1_741' title='bbox 1153 4399 1267 4452; x_wconf 86' lang='lat' dir='ltr'>sensibili</span> <span class='ocrx_word' id='word_1_742' title='bbox 1289 4399 1321 4466; x_wconf 89' lang='grc'>47</span> <span class='ocrx_word' id='word_1_743' title='bbox 1343 4399 1393 4452; x_wconf 89' lang='grc'>548</span> <span class='ocrx_word' id='word_1_744' title='bbox 1413 4395 1441 4450; x_wconf 86' lang='grc'>6*</span> <span class='ocrx_word' id='word_1_745' title='bbox 1454 4427 1488 4440; x_wconf 80' lang='lat'>-</span> <span class='ocrx_word' id='word_1_746' title='bbox 1505 4399 1619 4452; x_wconf 89' lang='lat' dir='ltr'>damnati</span> <span class='ocrx_word' id='word_1_747' title='bbox 1658 4407 1710 4452; x_wconf 88' lang='lat' dir='ltr'>tem</span> <span class='ocrx_word' id='word_1_748' title='bbox 1730 4399 1764 4450; x_wconf 90' lang='lat' dir='ltr'>de</span> <span class='ocrx_word' id='word_1_749' title='bbox 1784 4403 1849 4452; x_wconf 88' lang='lat' dir='ltr'>statu</span> <span class='ocrx_word' id='word_1_750' title='bbox 1874 4403 1982 4450; x_wconf 89' lang='lat' dir='ltr'>naturae</span> <span class='ocrx_word' id='word_1_751' title='bbox 2007 4399 2094 4464; x_wconf 89' lang='lat' dir='ltr'>lapsae</span> <span class='ocrx_word' id='word_1_752' title='bbox 2119 4399 2217 4452; x_wconf 87' lang='grc'>444350</span> <span class='ocrx_word' id='word_1_753' title='bbox 2234 4401 2253 4452; x_wconf 90' lang='grc'>4.</span> <span class='ocrx_word' id='word_1_754' title='bbox 2273 4401 2296 4452; x_wconf 88' lang='grc'>3.</span> 
     </span>
     <span class='ocr_line' id='line_1_45' title="bbox 305 4485 2294 4554; baseline 0.001 -16"><span class='ocrx_word' id='word_1_755' title='bbox 305 4485 400 4540; x_wconf 85' lang='lat' dir='ltr'>litando</span> <span class='ocrx_word' id='word_1_756' title='bbox 422 4491 445 4540; x_wconf 89' lang='grc'>44</span> <span class='ocrx_word' id='word_1_757' title='bbox 471 4491 658 4554; x_wconf 75' lang='lat' dir='ltr'>sacramentis,</span> <span class='ocrx_word' id='word_1_758' title='bbox 684 4489 729 4542; x_wconf 90' lang='lat' dir='ltr'>obi</span> <span class='ocrx_word' id='word_1_759' title='bbox 752 4495 792 4542; x_wconf 89' lang='grc'>444</span> <span class='ocrx_word' id='word_1_760' title='bbox 815 4489 943 4554; x_wconf 87' lang='lat' dir='ltr'>protessio</span> <span class='ocrx_word' id='word_1_761' title='bbox 983 4499 1034 4538; x_wconf 90' lang='lat' dir='ltr'>non</span> <span class='ocrx_word' id='word_1_762' title='bbox 1049 4487 1143 4540; x_wconf 90' lang='lat' dir='ltr'>habent</span> <span class='ocrx_word' id='word_1_763' title='bbox 1158 4501 1269 4554; x_wconf 90' lang='lat' dir='ltr'>poenam</span> <span class='ocrx_word' id='word_1_764' title='bbox 1284 4503 1389 4550; x_wconf 89' lang='lat' dir='ltr'>sensus,</span> <span class='ocrx_word' id='word_1_765' title='bbox 1403 4489 1448 4542; x_wconf 89' lang='lat' dir='ltr'>sed</span> <span class='ocrx_word' id='word_1_766' title='bbox 1466 4489 1547 4542; x_wconf 89' lang='lat' dir='ltr'>solam</span> <span class='ocrx_word' id='word_1_767' title='bbox 1561 4499 1620 4554; x_wconf 90' lang='lat' dir='ltr'>poe·</span> <span class='ocrx_word' id='word_1_768' title='bbox 1660 4487 1705 4540; x_wconf 87' lang='grc'>354</span> <span class='ocrx_word' id='word_1_769' title='bbox 1725 4485 1753 4538; x_wconf 85' lang='grc'>2*</span> <span class='ocrx_word' id='word_1_770' title='bbox 1772 4513 1806 4526; x_wconf 87' lang='lat'>-</span> <span class='ocrx_word' id='word_1_771' title='bbox 1826 4485 1918 4540; x_wconf 89' lang='lat' dir='ltr'>Christi</span> <span class='ocrx_word' id='word_1_772' title='bbox 1930 4487 1977 4540; x_wconf 88' lang='grc'>4444</span> <span class='ocrx_word' id='word_1_773' title='bbox 1989 4491 2139 4540; x_wconf 84' lang='grc'>4444444444</span> <span class='ocrx_word' id='word_1_774' title='bbox 2151 4487 2178 4540; x_wconf 94' lang='grc'>444</span> <span class='ocrx_word' id='word_1_775' title='bbox 2195 4487 2240 4542; x_wconf 89' lang='grc'>444</span> <span class='ocrx_word' id='word_1_776' title='bbox 2258 4485 2294 4554; x_wconf 88' lang='grc'>4*,</span> 
     </span>
     <span class='ocr_line' id='line_1_46' title="bbox 305 4571 2031 4644; baseline 0.001 -16"><span class='ocrx_word' id='word_1_777' title='bbox 305 4579 395 4629; x_wconf 87' lang='lat' dir='ltr'>mortis</span> <span class='ocrx_word' id='word_1_778' title='bbox 416 4575 507 4630; x_wconf 89' lang='lat' dir='ltr'>Christi</span> <span class='ocrx_word' id='word_1_779' title='bbox 527 4579 648 4644; x_wconf 87' lang='lat' dir='ltr'>insigne</span> <span class='ocrx_word' id='word_1_780' title='bbox 669 4579 700 4632; x_wconf 90' lang='grc'>47</span> <span class='ocrx_word' id='word_1_781' title='bbox 728 4577 776 4632; x_wconf 89' lang='grc'>442</span> <span class='ocrx_word' id='word_1_782' title='bbox 802 4577 818 4630; x_wconf 92' lang='lat' dir='ltr'>b</span> <span class='ocrx_word' id='word_1_783' title='bbox 845 4603 879 4616; x_wconf 89' lang='lat'>-</span> <span class='ocrx_word' id='word_1_784' title='bbox 905 4577 943 4630; x_wconf 88' lang='lat' dir='ltr'>Ad</span> <span class='ocrx_word' id='word_1_785' title='bbox 983 4591 1044 4628; x_wconf 87' lang='lat' dir='ltr'>nam</span> <span class='ocrx_word' id='word_1_786' title='bbox 1067 4575 1158 4628; x_wconf 87' lang='lat' dir='ltr'>damni</span> <span class='ocrx_word' id='word_1_787' title='bbox 1176 4577 1209 4630; x_wconf 91' lang='lat' dir='ltr'>lV</span> <span class='ocrx_word' id='word_1_788' title='bbox 1234 4575 1285 4628; x_wconf 90' lang='grc'>447</span> <span class='ocrx_word' id='word_1_789' title='bbox 1304 4575 1330 4628; x_wconf 93' lang='lat' dir='ltr'>d.</span> <span class='ocrx_word' id='word_1_790' title='bbox 1352 4577 1576 4642; x_wconf 80' lang='lat' dir='ltr'>b-privantur</span> <span class='ocrx_word' id='word_1_791' title='bbox 1595 4579 1618 4628; x_wconf 91' lang='grc'>44</span> <span class='ocrx_word' id='word_1_792' title='bbox 1660 4575 1686 4628; x_wconf 90' lang='grc'>3*</span> <span class='ocrx_word' id='word_1_793' title='bbox 1712 4575 1773 4630; x_wconf 82' lang='lat' dir='ltr'>Vide</span> <span class='ocrx_word' id='word_1_794' title='bbox 1795 4575 1824 4630; x_wconf 86' lang='lat' dir='ltr'>V.</span> <span class='ocrx_word' id='word_1_795' title='bbox 1844 4573 1966 4632; x_wconf 79' lang='grc'>0444444444</span> <span class='ocrx_word' id='word_1_796' title='bbox 1985 4571 2031 4630; x_wconf 85' lang='grc'>49.</span> 
     </span>
     <span class='ocr_line' id='line_1_47' title="bbox 304 4663 2298 4734; baseline -0.001 -16"><span class='ocrx_word' id='word_1_797' title='bbox 304 4665 414 4718; x_wconf 89' lang='lat' dir='ltr'>salutem</span> <span class='ocrx_word' id='word_1_798' title='bbox 435 4665 539 4730; x_wconf 85' lang='lat' dir='ltr'>parvuli</span> <span class='ocrx_word' id='word_1_799' title='bbox 558 4669 699 4734; x_wconf 89' lang='lat' dir='ltr'>requiritur</span> <span class='ocrx_word' id='word_1_800' title='bbox 719 4669 803 4720; x_wconf 89' lang='lat' dir='ltr'>virtus</span> <span class='ocrx_word' id='word_1_801' title='bbox 815 4667 944 4732; x_wconf 87' lang='lat' dir='ltr'>passionis</span> <span class='ocrx_word' id='word_1_802' title='bbox 983 4671 1118 4718; x_wconf 85' lang='lat' dir='ltr'>aeternum</span> <span class='ocrx_word' id='word_1_803' title='bbox 1146 4667 1246 4718; x_wconf 85' lang='lat' dir='ltr'>visione</span> <span class='ocrx_word' id='word_1_804' title='bbox 1265 4665 1326 4732; x_wconf 89' lang='lat' dir='ltr'>Dei,</span> <span class='ocrx_word' id='word_1_805' title='bbox 1355 4665 1402 4718; x_wconf 90' lang='lat' dir='ltr'>sed</span> <span class='ocrx_word' id='word_1_806' title='bbox 1429 4679 1480 4720; x_wconf 91' lang='lat' dir='ltr'>non</span> <span class='ocrx_word' id='word_1_807' title='bbox 1508 4667 1620 4720; x_wconf 88' lang='lat' dir='ltr'>sentiunt</span> <span class='ocrx_word' id='word_1_808' title='bbox 1712 4693 1745 4704; x_wconf 86' lang='lat'>-—</span> <span class='ocrx_word' id='word_1_809' title='bbox 1765 4665 1842 4718; x_wconf 88' lang='grc'>04444</span> <span class='ocrx_word' id='word_1_810' title='bbox 1860 4663 1976 4730; x_wconf 90' lang='lat' dir='ltr'>passibili</span> <span class='ocrx_word' id='word_1_811' title='bbox 1994 4671 2085 4730; x_wconf 89' lang='lat' dir='ltr'>potest</span> <span class='ocrx_word' id='word_1_812' title='bbox 2102 4665 2190 4718; x_wconf 82' lang='lat' dir='ltr'>inferri</span> <span class='ocrx_word' id='word_1_813' title='bbox 2211 4667 2298 4732; x_wconf 87' lang='lat' dir='ltr'>passio</span> 
     </span>
     <span class='ocr_line' id='line_1_48' title="bbox 302 4753 2297 4820; baseline -0.001 -12"><span class='ocrx_word' id='word_1_814' title='bbox 302 4753 393 4808; x_wconf 82' lang='lat' dir='ltr'>Christi</span> <span class='ocrx_word' id='word_1_815' title='bbox 416 4767 477 4806; x_wconf 89' lang='grc'>4444</span> <span class='ocrx_word' id='word_1_816' title='bbox 502 4755 555 4808; x_wconf 83' lang='grc'>0444</span> <span class='ocrx_word' id='word_1_817' title='bbox 577 4755 705 4808; x_wconf 86' lang='lat' dir='ltr'>Ecclesiae</span> <span class='ocrx_word' id='word_1_818' title='bbox 736 4755 767 4810; x_wconf 90' lang='grc'>47</span> <span class='ocrx_word' id='word_1_819' title='bbox 799 4755 850 4808; x_wconf 90' lang='grc'>404</span> <span class='ocrx_word' id='word_1_820' title='bbox 878 4755 942 4810; x_wconf 79' lang='lat' dir='ltr'>da</span> <span class='ocrx_word' id='word_1_821' title='bbox 983 4767 1095 4820; x_wconf 91' lang='lat' dir='ltr'>poenam</span> <span class='ocrx_word' id='word_1_822' title='bbox 1114 4755 1182 4818; x_wconf 88' lang='lat' dir='ltr'>ignis</span> <span class='ocrx_word' id='word_1_823' title='bbox 1201 4755 1221 4806; x_wconf 95' lang='grc'>44</span> <span class='ocrx_word' id='word_1_824' title='bbox 1246 4753 1337 4806; x_wconf 90' lang='grc'>4934.</span> <span class='ocrx_word' id='word_1_825' title='bbox 1365 4757 1389 4806; x_wconf 94' lang='lat' dir='ltr'>l.</span> <span class='ocrx_word' id='word_1_826' title='bbox 1415 4755 1498 4814; x_wconf 87' lang='grc'>4944</span> <span class='ocrx_word' id='word_1_827' title='bbox 1518 4783 1553 4794; x_wconf 89' lang='lat'>--</span> <span class='ocrx_word' id='word_1_828' title='bbox 1573 4769 1620 4808; x_wconf 91' lang='lat' dir='ltr'>nec</span> <span class='ocrx_word' id='word_1_829' title='bbox 1659 4755 1691 4806; x_wconf 93' lang='grc'>47</span> <span class='ocrx_word' id='word_1_830' title='bbox 1721 4755 1773 4806; x_wconf 90' lang='grc'>263</span> <span class='ocrx_word' id='word_1_831' title='bbox 1800 4769 1857 4820; x_wconf 89' lang='lat' dir='ltr'>arg.</span> <span class='ocrx_word' id='word_1_832' title='bbox 1887 4755 1902 4806; x_wconf 90' lang='lat'><strong>3</strong></span> <span class='ocrx_word' id='word_1_833' title='bbox 1928 4783 1964 4792; x_wconf 86' lang='lat'>-·-</span> <span class='ocrx_word' id='word_1_834' title='bbox 1991 4755 2112 4806; x_wconf 80' lang='lat' dir='ltr'>nascibile</span> <span class='ocrx_word' id='word_1_835' title='bbox 2134 4761 2218 4818; x_wconf 90' lang='lat' dir='ltr'>potest</span> <span class='ocrx_word' id='word_1_836' title='bbox 2245 4767 2297 4808; x_wconf 91' lang='lat' dir='ltr'>non</span> 
     </span>
     <span class='ocr_line' id='line_1_49' title="bbox 302 4843 2297 4912; baseline 0 -16"><span class='ocrx_word' id='word_1_837' title='bbox 302 4869 336 4882; x_wconf 84' lang='lat'>-</span> <span class='ocrx_word' id='word_1_838' title='bbox 362 4845 495 4896; x_wconf 88' lang='lat' dir='ltr'>salvantur</span> <span class='ocrx_word' id='word_1_839' title='bbox 518 4845 545 4896; x_wconf 94' lang='lat' dir='ltr'>in</span> <span class='ocrx_word' id='word_1_840' title='bbox 573 4845 626 4896; x_wconf 90' lang='lat' dir='ltr'>ilde</span> <span class='ocrx_word' id='word_1_841' title='bbox 653 4845 792 4912; x_wconf 89' lang='lat' dir='ltr'>Ecclesiae,</span> <span class='ocrx_word' id='word_1_842' title='bbox 821 4847 944 4912; x_wconf 82' lang='lat' dir='ltr'>quamvis</span> <span class='ocrx_word' id='word_1_843' title='bbox 982 4843 1101 4896; x_wconf 88' lang='lat' dir='ltr'>dolorem</span> <span class='ocrx_word' id='word_1_844' title='bbox 1119 4857 1327 4897; x_wconf 82' lang='lat' dir='ltr'>nectentorsnrn</span> <span class='ocrx_word' id='word_1_845' title='bbox 1344 4843 1617 4910; x_wconf 87' lang='lat' dir='ltr'>habebuntdegloria</span> <span class='ocrx_word' id='word_1_846' title='bbox 1658 4845 1711 4908; x_wconf 90' lang='lat' dir='ltr'>pati</span> <span class='ocrx_word' id='word_1_847' title='bbox 1730 4843 1764 4896; x_wconf 91' lang='lat' dir='ltr'>ab</span> <span class='ocrx_word' id='word_1_848' title='bbox 1790 4849 1883 4908; x_wconf 84' lang='lat' dir='ltr'>agente</span> <span class='ocrx_word' id='word_1_849' title='bbox 1902 4851 1946 4896; x_wconf 88' lang='lat' dir='ltr'>aut</span> <span class='ocrx_word' id='word_1_850' title='bbox 1971 4857 2002 4896; x_wconf 83' lang='lat' dir='ltr'>ex</span> <span class='ocrx_word' id='word_1_851' title='bbox 2021 4845 2127 4908; x_wconf 85' lang='grc'>4444444,</span> <span class='ocrx_word' id='word_1_852' title='bbox 2148 4857 2226 4912; x_wconf 85' lang='lat' dir='ltr'>quarn</span> <span class='ocrx_word' id='word_1_853' title='bbox 2256 4845 2297 4896; x_wconf 90' lang='lat' dir='ltr'>ha·</span> 
     </span>
     <span class='ocr_line' id='line_1_50' title="bbox 304 4929 2295 5008; baseline 0 -24"><span class='ocrx_word' id='word_1_854' title='bbox 304 4937 424 4998; x_wconf 87' lang='lat' dir='ltr'>parentes</span> <span class='ocrx_word' id='word_1_855' title='bbox 443 4935 493 4986; x_wconf 91' lang='lat' dir='ltr'>sint</span> <span class='ocrx_word' id='word_1_856' title='bbox 512 4935 571 4986; x_wconf 89' lang='lat' dir='ltr'>mali</span> <span class='ocrx_word' id='word_1_857' title='bbox 592 4935 625 4986; x_wconf 92' lang='grc'>47</span> <span class='ocrx_word' id='word_1_858' title='bbox 646 4935 696 4986; x_wconf 90' lang='grc'>447</span> <span class='ocrx_word' id='word_1_859' title='bbox 717 4935 744 4986; x_wconf 93' lang='lat' dir='ltr'>d.</span> <span class='ocrx_word' id='word_1_860' title='bbox 762 4933 777 4984; x_wconf 89' lang='grc'>4</span> <span class='ocrx_word' id='word_1_861' title='bbox 983 4933 1082 4998; x_wconf 88' lang='lat' dir='ltr'>perdita</span> <span class='ocrx_word' id='word_1_862' title='bbox 1103 4931 1191 5008; x_wconf 90' lang='grc'>44797</span> <span class='ocrx_word' id='word_1_863' title='bbox 1211 4947 1236 4986; x_wconf 92' lang='lat' dir='ltr'>a.</span> <span class='ocrx_word' id='word_1_864' title='bbox 1253 4929 1306 4986; x_wconf 88' lang='grc'>798</span> <span class='ocrx_word' id='word_1_865' title='bbox 1326 4931 1356 4986; x_wconf 85' lang='grc'>5*</span> <span class='ocrx_word' id='word_1_866' title='bbox 1372 4959 1411 4974; x_wconf 91' lang='grc'>-</span> <span class='ocrx_word' id='word_1_867' title='bbox 1428 4947 1479 4986; x_wconf 88' lang='grc'>444</span> <span class='ocrx_word' id='word_1_868' title='bbox 1494 4933 1619 4986; x_wconf 88' lang='lat' dir='ltr'>dolebunt</span> <span class='ocrx_word' id='word_1_869' title='bbox 1658 4933 1701 4986; x_wconf 87' lang='lat' dir='ltr'>bet</span> <span class='ocrx_word' id='word_1_870' title='bbox 1719 4935 1743 4986; x_wconf 92' lang='lat' dir='ltr'>in</span> <span class='ocrx_word' id='word_1_871' title='bbox 1764 4947 1805 4998; x_wconf 90' lang='lat' dir='ltr'>se,</span> <span class='ocrx_word' id='word_1_872' title='bbox 1825 4939 1868 4986; x_wconf 90' lang='lat' dir='ltr'>aut</span> <span class='ocrx_word' id='word_1_873' title='bbox 1887 4947 1917 4986; x_wconf 89' lang='lat' dir='ltr'>ex</span> <span class='ocrx_word' id='word_1_874' title='bbox 1930 4931 2029 4986; x_wconf 90' lang='lat' dir='ltr'>ordine</span> <span class='ocrx_word' id='word_1_875' title='bbox 2053 4931 2158 4986; x_wconf 85' lang='lat' dir='ltr'>divinae</span> <span class='ocrx_word' id='word_1_876' title='bbox 2182 4933 2295 4986; x_wconf 90' lang='lat' dir='ltr'>iustitiae</span> 
     </span>
     <span class='ocr_line' id='line_1_51' title="bbox 358 5019 1796 5088; baseline 0.001 -16"><span class='ocrx_word' id='word_1_877' title='bbox 358 5051 390 5060; x_wconf 86' lang='lat'><em>-</em></span> <span class='ocrx_word' id='word_1_878' title='bbox 410 5023 608 5088; x_wconf 62' lang='lat' dir='ltr'>narratis-qut</span> <span class='ocrx_word' id='word_1_879' title='bbox 627 5037 679 5076; x_wconf 93' lang='lat' dir='ltr'>non</span> <span class='ocrx_word' id='word_1_880' title='bbox 704 5029 814 5088; x_wconf 87' lang='lat' dir='ltr'>possunt</span> <span class='ocrx_word' id='word_1_881' title='bbox 843 5037 891 5088; x_wconf 90' lang='lat' dir='ltr'>per</span> <span class='ocrx_word' id='word_1_882' title='bbox 917 5037 943 5076; x_wconf 92' lang='lat' dir='ltr'>se</span> <span class='ocrx_word' id='word_1_883' title='bbox 983 5019 1015 5074; x_wconf 91' lang='lat' dir='ltr'>de</span> <span class='ocrx_word' id='word_1_884' title='bbox 1045 5023 1158 5074; x_wconf 90' lang='lat' dir='ltr'>carentia</span> <span class='ocrx_word' id='word_1_885' title='bbox 1184 5023 1293 5076; x_wconf 88' lang='lat' dir='ltr'>visionis</span> <span class='ocrx_word' id='word_1_886' title='bbox 1320 5031 1428 5088; x_wconf 85' lang='lat' dir='ltr'>propter</span> <span class='ocrx_word' id='word_1_887' title='bbox 1457 5036 1617 5088; x_wconf 89' lang='lat' dir='ltr'>ramorsnm,</span> <span class='ocrx_word' id='word_1_888' title='bbox 1658 5021 1746 5074; x_wconf 90' lang='grc'>44794</span> <span class='ocrx_word' id='word_1_889' title='bbox 1767 5019 1796 5074; x_wconf 87' lang='grc'>5*</span> 
     </span>
     <span class='ocr_line' id='line_1_52' title="bbox 303 5109 2294 5178; baseline 0.002 -18"><span class='ocrx_word' id='word_1_890' title='bbox 303 5113 409 5176; x_wconf 83' lang='grc'>4444444,</span> <span class='ocrx_word' id='word_1_891' title='bbox 431 5109 554 5166; x_wconf 82' lang='lat' dir='ltr'>subvenit</span> <span class='ocrx_word' id='word_1_892' title='bbox 572 5111 720 5178; x_wconf 87' lang='lat' dir='ltr'>baptismus</span> <span class='ocrx_word' id='word_1_893' title='bbox 740 5111 772 5166; x_wconf 88' lang='grc'>47</span> <span class='ocrx_word' id='word_1_894' title='bbox 793 5111 845 5166; x_wconf 81' lang='lat'>535</span> <span class='ocrx_word' id='word_1_895' title='bbox 866 5109 942 5164; x_wconf 79' lang='lat'>5*-</span> <span class='ocrx_word' id='word_1_896' title='bbox 983 5111 1137 5178; x_wconf 87' lang='lat' dir='ltr'>quiastalu,</span> <span class='ocrx_word' id='word_1_897' title='bbox 1158 5109 1399 5178; x_wconf 87' lang='lat' dir='ltr'>quembabebunl,</span> <span class='ocrx_word' id='word_1_898' title='bbox 1419 5113 1620 5164; x_wconf 81' lang='lat' dir='ltr'>contenderunt</span> <span class='ocrx_word' id='word_1_899' title='bbox 1712 5113 1794 5164; x_wconf 78' lang='lat' dir='ltr'>Passio</span> <span class='ocrx_word' id='word_1_900' title='bbox 1812 5139 1847 5148; x_wconf 93' lang='lat'>—</span> <span class='ocrx_word' id='word_1_901' title='bbox 1866 5119 1907 5164; x_wconf 87' lang='lat' dir='ltr'>est</span> <span class='ocrx_word' id='word_1_902' title='bbox 1929 5115 2018 5164; x_wconf 85' lang='lat' dir='ltr'>molus</span> <span class='ocrx_word' id='word_1_903' title='bbox 2041 5115 2130 5164; x_wconf 88' lang='lat' dir='ltr'>contra</span> <span class='ocrx_word' id='word_1_904' title='bbox 2156 5117 2294 5176; x_wconf 87' lang='lat' dir='ltr'>naturam,</span> 
     </span>
     <span class='ocr_line' id='line_1_53' title="bbox 302 5199 2297 5268; baseline 0.001 -18"><span class='ocrx_word' id='word_1_905' title='bbox 302 5199 393 5264; x_wconf 86' lang='lat' dir='ltr'>recipit</span> <span class='ocrx_word' id='word_1_906' title='bbox 421 5199 580 5264; x_wconf 88' lang='lat' dir='ltr'>baptismum</span> <span class='ocrx_word' id='word_1_907' title='bbox 602 5203 657 5252; x_wconf 89' lang='lat' dir='ltr'>sine</span> <span class='ocrx_word' id='word_1_908' title='bbox 680 5201 813 5254; x_wconf 82' lang='lat' dir='ltr'>volunlete</span> <span class='ocrx_word' id='word_1_909' title='bbox 835 5203 942 5266; x_wconf 85' lang='lat' dir='ltr'>propria</span> <span class='ocrx_word' id='word_1_910' title='bbox 982 5199 1169 5252; x_wconf 73' lang='lat' dir='ltr'>litteus</span> <span class='ocrx_word' id='word_1_911' title='bbox 1452 5257 1455 5262; x_wconf 59' lang='grc'>,</span> <span class='ocrx_word' id='word_1_912' title='bbox 1658 5201 1719 5268; x_wconf 88' lang='lat' dir='ltr'>quia</span> <span class='ocrx_word' id='word_1_913' title='bbox 1737 5207 1777 5254; x_wconf 90' lang='lat' dir='ltr'>est</span> <span class='ocrx_word' id='word_1_914' title='bbox 1795 5207 1883 5252; x_wconf 87' lang='grc'>4444444</span> <span class='ocrx_word' id='word_1_915' title='bbox 1904 5199 2048 5252; x_wconf 87' lang='lat' dir='ltr'>naturalem</span> <span class='ocrx_word' id='word_1_916' title='bbox 2066 5201 2211 5266; x_wconf 88' lang='lat' dir='ltr'>appetitum</span> <span class='ocrx_word' id='word_1_917' title='bbox 2231 5199 2297 5252; x_wconf 89' lang='lat' dir='ltr'>salu·</span> 
     </span>
     <span class='ocr_line' id='line_1_54' title="bbox 302 5287 2297 5354; baseline 0 -14"><span class='ocrx_word' id='word_1_918' title='bbox 302 5301 350 5340; x_wconf 87' lang='lat' dir='ltr'>nec</span> <span class='ocrx_word' id='word_1_919' title='bbox 370 5295 464 5354; x_wconf 86' lang='lat' dir='ltr'>potest,</span> <span class='ocrx_word' id='word_1_920' title='bbox 487 5301 547 5340; x_wconf 89' lang='lat' dir='ltr'>cum</span> <span class='ocrx_word' id='word_1_921' title='bbox 560 5289 593 5340; x_wconf 91' lang='lat' dir='ltr'>ad</span> <span class='ocrx_word' id='word_1_922' title='bbox 607 5289 721 5342; x_wconf 89' lang='lat' dir='ltr'>adultam</span> <span class='ocrx_word' id='word_1_923' title='bbox 738 5295 850 5342; x_wconf 89' lang='lat' dir='ltr'>aetatem</span> <span class='ocrx_word' id='word_1_924' title='bbox 863 5305 942 5344; x_wconf 85' lang='lat' dir='ltr'>rene·</span> <span class='ocrx_word' id='word_1_925' title='bbox 1035 5315 1069 5328; x_wconf 91' lang='lat'><em>-</em></span> <span class='ocrx_word' id='word_1_926' title='bbox 1089 5289 1227 5354; x_wconf 82' lang='lat' dir='ltr'>prirentur</span> <span class='ocrx_word' id='word_1_927' title='bbox 1245 5289 1347 5340; x_wconf 86' lang='lat' dir='ltr'>visione</span> <span class='ocrx_word' id='word_1_928' title='bbox 1370 5289 1416 5340; x_wconf 89' lang='lat' dir='ltr'>Dei</span> <span class='ocrx_word' id='word_1_929' title='bbox 1435 5295 1461 5340; x_wconf 93' lang='lat' dir='ltr'>et</span> <span class='ocrx_word' id='word_1_930' title='bbox 1480 5289 1544 5340; x_wconf 90' lang='lat' dir='ltr'>lucis</span> <span class='ocrx_word' id='word_1_931' title='bbox 1562 5301 1620 5340; x_wconf 87' lang='lat' dir='ltr'>cor·</span> <span class='ocrx_word' id='word_1_932' title='bbox 1658 5291 1687 5342; x_wconf 90' lang='lat' dir='ltr'>tis</span> <span class='ocrx_word' id='word_1_933' title='bbox 1707 5289 1804 5340; x_wconf 93' lang='grc'>414386</span> <span class='ocrx_word' id='word_1_934' title='bbox 1826 5287 1854 5340; x_wconf 90' lang='grc'>4*</span> <span class='ocrx_word' id='word_1_935' title='bbox 1871 5317 1908 5330; x_wconf 89' lang='lat'>-·</span> <span class='ocrx_word' id='word_1_936' title='bbox 1925 5289 2022 5342; x_wconf 87' lang='lat' dir='ltr'>Natura</span> <span class='ocrx_word' id='word_1_937' title='bbox 2040 5289 2190 5341; x_wconf 89' lang='lat' dir='ltr'>naturaliter</span> <span class='ocrx_word' id='word_1_938' title='bbox 2210 5291 2297 5340; x_wconf 85' lang='lat' dir='ltr'>horret</span> 
     </span>
     <span class='ocr_line' id='line_1_55' title="bbox 303 5375 2296 5444; baseline -0.001 -14"><span class='ocrx_word' id='word_1_939' title='bbox 303 5379 346 5442; x_wconf 86' lang='grc'>444,</span> <span class='ocrx_word' id='word_1_940' title='bbox 368 5379 538 5430; x_wconf 84' lang='grc'>4444444447</span> <span class='ocrx_word' id='word_1_941' title='bbox 558 5375 651 5430; x_wconf 90' lang='grc'>4042*</span> <span class='ocrx_word' id='word_1_942' title='bbox 883 5401 884 5404; x_wconf 36' lang='lat'>¹</span> <span class='ocrx_word' id='word_1_943' title='bbox 981 5379 1077 5442; x_wconf 88' lang='lat' dir='ltr'>noratis</span> <span class='ocrx_word' id='word_1_944' title='bbox 1097 5375 1115 5430; x_wconf 95' lang='lat' dir='ltr'>ll</span> <span class='ocrx_word' id='word_1_945' title='bbox 1134 5377 1185 5430; x_wconf 89' lang='grc'>797</span> <span class='ocrx_word' id='word_1_946' title='bbox 1199 5391 1214 5430; x_wconf 89' lang='grc'>4</span> <span class='ocrx_word' id='word_1_947' title='bbox 1229 5405 1262 5414; x_wconf 86' lang='lat'>-</span> <span class='ocrx_word' id='word_1_948' title='bbox 1276 5391 1326 5430; x_wconf 95' lang='lat' dir='ltr'>non</span> <span class='ocrx_word' id='word_1_949' title='bbox 1348 5377 1482 5430; x_wconf 88' lang='lat' dir='ltr'>habebunt</span> <span class='ocrx_word' id='word_1_950' title='bbox 1500 5377 1617 5430; x_wconf 89' lang='lat' dir='ltr'>dolorem</span> <span class='ocrx_word' id='word_1_951' title='bbox 1659 5379 1792 5444; x_wconf 89' lang='lat' dir='ltr'>passiones</span> <span class='ocrx_word' id='word_1_952' title='bbox 1820 5375 1920 5428; x_wconf 88' lang='grc'>444375</span> <span class='ocrx_word' id='word_1_953' title='bbox 1940 5375 2012 5428; x_wconf 88' lang='lat' dir='ltr'>b-</span> <span class='ocrx_word' id='word_1_954' title='bbox 2031 5391 2082 5428; x_wconf 91' lang='lat' dir='ltr'>non</span> <span class='ocrx_word' id='word_1_955' title='bbox 2106 5375 2185 5430; x_wconf 86' lang='lat' dir='ltr'>habet</span> <span class='ocrx_word' id='word_1_956' title='bbox 2213 5391 2296 5430; x_wconf 83' lang='lat' dir='ltr'>eaeru-</span> 
     </span>
     <span class='ocr_line' id='line_1_56' title="bbox 355 5463 2295 5532; baseline -0.001 -14"><span class='ocrx_word' id='word_1_957' title='bbox 355 5493 390 5504; x_wconf 92' lang='lat'><em>-</em></span> <span class='ocrx_word' id='word_1_958' title='bbox 412 5467 582 5532; x_wconf 88' lang='lat' dir='ltr'>suscipientes</span> <span class='ocrx_word' id='word_1_959' title='bbox 596 5465 757 5532; x_wconf 88' lang='lat' dir='ltr'>baptismum</span> <span class='ocrx_word' id='word_1_960' title='bbox 771 5471 841 5520; x_wconf 88' lang='lat' dir='ltr'>recte</span> <span class='ocrx_word' id='word_1_961' title='bbox 855 5467 943 5520; x_wconf 90' lang='lat' dir='ltr'>dicun·</span> <span class='ocrx_word' id='word_1_962' title='bbox 980 5467 1128 5520; x_wconf 89' lang='lat' dir='ltr'>interiorem</span> <span class='ocrx_word' id='word_1_963' title='bbox 1147 5463 1209 5520; x_wconf 84' lang='lat' dir='ltr'>ibid.</span> <span class='ocrx_word' id='word_1_964' title='bbox 1229 5493 1263 5506; x_wconf 91' lang='lat'>-··</span> <span class='ocrx_word' id='word_1_965' title='bbox 1283 5471 1369 5520; x_wconf 87' lang='lat' dir='ltr'>tenent</span> <span class='ocrx_word' id='word_1_966' title='bbox 1386 5474 1483 5521; x_wconf 88' lang='lat' dir='ltr'>statum</span> <span class='ocrx_word' id='word_1_967' title='bbox 1502 5467 1619 5520; x_wconf 87' lang='lat' dir='ltr'>medium</span> <span class='ocrx_word' id='word_1_968' title='bbox 1659 5469 1716 5532; x_wconf 90' lang='lat' dir='ltr'>plar</span> <span class='ocrx_word' id='word_1_969' title='bbox 1734 5467 1759 5516; x_wconf 91' lang='lat' dir='ltr'>in</span> <span class='ocrx_word' id='word_1_970' title='bbox 1787 5465 1841 5516; x_wconf 90' lang='lat' dir='ltr'>Deo</span> <span class='ocrx_word' id='word_1_971' title='bbox 1863 5465 1914 5516; x_wconf 86' lang='lat' dir='ltr'>nist</span> <span class='ocrx_word' id='word_1_972' title='bbox 1935 5465 1964 5516; x_wconf 91' lang='lat' dir='ltr'>in</span> <span class='ocrx_word' id='word_1_973' title='bbox 1989 5479 2086 5530; x_wconf 89' lang='lat' dir='ltr'>genere</span> <span class='ocrx_word' id='word_1_974' title='bbox 2108 5469 2174 5518; x_wconf 88' lang='lat' dir='ltr'>entis</span> <span class='ocrx_word' id='word_1_975' title='bbox 2201 5469 2217 5518; x_wconf 96' lang='grc'>44</span> <span class='ocrx_word' id='word_1_976' title='bbox 2243 5465 2295 5518; x_wconf 87' lang='grc'>977</span> 
     </span>
     <span class='ocr_line' id='line_1_57' title="bbox 303 5553 1728 5622; baseline -0.001 -16"><span class='ocrx_word' id='word_1_977' title='bbox 303 5559 343 5606; x_wconf 88' lang='lat' dir='ltr'>tur</span> <span class='ocrx_word' id='word_1_978' title='bbox 363 5555 469 5608; x_wconf 90' lang='lat' dir='ltr'>credere</span> <span class='ocrx_word' id='word_1_979' title='bbox 490 5555 522 5606; x_wconf 91' lang='grc'>47</span> <span class='ocrx_word' id='word_1_980' title='bbox 544 5555 592 5608; x_wconf 86' lang='grc'>456</span> <span class='ocrx_word' id='word_1_981' title='bbox 615 5553 642 5606; x_wconf 89' lang='grc'>2*</span> <span class='ocrx_word' id='word_1_982' title='bbox 662 5585 696 5592; x_wconf 90' lang='grc'>-</span> <span class='ocrx_word' id='word_1_983' title='bbox 714 5556 865 5622; x_wconf 88' lang='lat' dir='ltr'>obligantur</span> <span class='ocrx_word' id='word_1_984' title='bbox 884 5571 942 5622; x_wconf 90' lang='lat' dir='ltr'>pro·</span> <span class='ocrx_word' id='word_1_985' title='bbox 981 5555 1047 5606; x_wconf 91' lang='lat' dir='ltr'>inter</span> <span class='ocrx_word' id='word_1_986' title='bbox 1065 5557 1156 5608; x_wconf 86' lang='lat' dir='ltr'>Beatos</span> <span class='ocrx_word' id='word_1_987' title='bbox 1177 5559 1201 5608; x_wconf 87' lang='lat' dir='ltr'>et</span> <span class='ocrx_word' id='word_1_988' title='bbox 1224 5555 1360 5608; x_wconf 88' lang='lat' dir='ltr'>damnatos</span> <span class='ocrx_word' id='word_1_989' title='bbox 1387 5553 1450 5610; x_wconf 85' lang='lat' dir='ltr'>ibid.</span> <span class='ocrx_word' id='word_1_990' title='bbox 1475 5573 1509 5594; x_wconf 74' lang='lat'><em>—</em></span> <span class='ocrx_word' id='word_1_991' title='bbox 1535 5559 1619 5608; x_wconf 90' lang='lat' dir='ltr'>teuent</span> <span class='ocrx_word' id='word_1_992' title='bbox 1658 5557 1682 5608; x_wconf 90' lang='lat' dir='ltr'>d.</span> <span class='ocrx_word' id='word_1_993' title='bbox 1713 5553 1728 5604; x_wconf 89' lang='grc'>5</span> 
     </span>
     <span class='ocr_line' id='line_1_58' title="bbox 302 5641 2295 5712; baseline 0.001 -18"><span class='ocrx_word' id='word_1_994' title='bbox 302 5643 426 5694; x_wconf 88' lang='lat' dir='ltr'>missione</span> <span class='ocrx_word' id='word_1_995' title='bbox 446 5643 609 5706; x_wconf 87' lang='lat' dir='ltr'>patrinorum</span> <span class='ocrx_word' id='word_1_996' title='bbox 635 5643 671 5694; x_wconf 89' lang='lat' dir='ltr'>ad</span> <span class='ocrx_word' id='word_1_997' title='bbox 689 5659 734 5710; x_wconf 88' lang='lat' dir='ltr'>ea,</span> <span class='ocrx_word' id='word_1_998' title='bbox 762 5643 883 5710; x_wconf 87' lang='lat' dir='ltr'>adquae</span> <span class='ocrx_word' id='word_1_999' title='bbox 910 5651 942 5698; x_wconf 90' lang='lat' dir='ltr'>te·</span> <span class='ocrx_word' id='word_1_1000' title='bbox 980 5643 1097 5694; x_wconf 88' lang='lat' dir='ltr'>medium</span> <span class='ocrx_word' id='word_1_1001' title='bbox 1116 5641 1618 5706; x_wconf 68' lang='lat' dir='ltr'>intertristitiamettaetitianlibidb,</span> <span class='ocrx_word' id='word_1_1002' title='bbox 1710 5671 1745 5684; x_wconf 90' lang='lat'>-</span> <span class='ocrx_word' id='word_1_1003' title='bbox 1763 5641 1861 5708; x_wconf 87' lang='lat' dir='ltr'>Omne,</span> <span class='ocrx_word' id='word_1_1004' title='bbox 1881 5643 1953 5712; x_wconf 89' lang='lat' dir='ltr'>quod</span> <span class='ocrx_word' id='word_1_1005' title='bbox 1969 5645 2077 5710; x_wconf 90' lang='lat' dir='ltr'>patitur,</span> <span class='ocrx_word' id='word_1_1006' title='bbox 2097 5647 2192 5712; x_wconf 88' lang='lat' dir='ltr'>patitur</span> <span class='ocrx_word' id='word_1_1007' title='bbox 2206 5643 2238 5698; x_wconf 88' lang='lat' dir='ltr'>ab</span> <span class='ocrx_word' id='word_1_1008' title='bbox 2252 5643 2295 5694; x_wconf 91' lang='lat' dir='ltr'>ali·</span> 
     </span>
     <span class='ocr_line' id='line_1_59' title="bbox 302 5729 2294 5800; baseline 0.002 -18"><span class='ocrx_word' id='word_1_1009' title='bbox 302 5739 394 5784; x_wconf 89' lang='lat' dir='ltr'>nentur</span> <span class='ocrx_word' id='word_1_1010' title='bbox 413 5733 469 5782; x_wconf 88' lang='lat' dir='ltr'>iurc</span> <span class='ocrx_word' id='word_1_1011' title='bbox 491 5731 613 5796; x_wconf 91' lang='lat' dir='ltr'>naturali,</span> <span class='ocrx_word' id='word_1_1012' title='bbox 632 5733 748 5784; x_wconf 90' lang='lat' dir='ltr'>aduutla</span> <span class='ocrx_word' id='word_1_1013' title='bbox 769 5745 941 5796; x_wconf 88' lang='lat' dir='ltr'>supereroga·</span> <span class='ocrx_word' id='word_1_1014' title='bbox 981 5729 1008 5784; x_wconf 90' lang='grc'>3*</span> <span class='ocrx_word' id='word_1_1015' title='bbox 1035 5761 1068 5780; x_wconf 88' lang='grc'>-.-</span> <span class='ocrx_word' id='word_1_1016' title='bbox 1089 5745 1182 5784; x_wconf 87' lang='lat' dir='ltr'>eorum</span> <span class='ocrx_word' id='word_1_1017' title='bbox 1212 5733 1371 5784; x_wconf 87' lang='lat' dir='ltr'>desiderium</span> <span class='ocrx_word' id='word_1_1018' title='bbox 1400 5731 1515 5798; x_wconf 90' lang='lat' dir='ltr'>quodam</span> <span class='ocrx_word' id='word_1_1019' title='bbox 1540 5729 1620 5782; x_wconf 91' lang='lat' dir='ltr'>modo</span> <span class='ocrx_word' id='word_1_1020' title='bbox 1658 5745 1711 5800; x_wconf 90' lang='lat' dir='ltr'>quo</span> <span class='ocrx_word' id='word_1_1021' title='bbox 1727 5747 1773 5797; x_wconf 89' lang='lat' dir='ltr'>per</span> <span class='ocrx_word' id='word_1_1022' title='bbox 1787 5735 1986 5798; x_wconf 87' lang='lat' dir='ltr'>repugnantiam</span> <span class='ocrx_word' id='word_1_1023' title='bbox 2000 5735 2130 5800; x_wconf 87' lang='lat' dir='ltr'>qualitatis</span> <span class='ocrx_word' id='word_1_1024' title='bbox 2150 5735 2249 5788; x_wconf 87' lang='lat' dir='ltr'>activae</span> <span class='ocrx_word' id='word_1_1025' title='bbox 2263 5733 2294 5784; x_wconf 88' lang='lat' dir='ltr'>lV</span> 
     </span>
     <span class='ocr_line' id='line_1_60' title="bbox 302 5809 2295 5890; baseline 0.002 -18"><span class='ocrx_word' id='word_1_1026' title='bbox 302 5821 378 5872; x_wconf 91' lang='lat' dir='ltr'>tionis</span> <span class='ocrx_word' id='word_1_1027' title='bbox 390 5817 424 5868; x_wconf 93' lang='lat' dir='ltr'>IV</span> <span class='ocrx_word' id='word_1_1028' title='bbox 440 5817 490 5870; x_wconf 85' lang='grc'>457</span> <span class='ocrx_word' id='word_1_1029' title='bbox 504 5833 564 5870; x_wconf 79' lang='lat' dir='ltr'>a-</span> <span class='ocrx_word' id='word_1_1030' title='bbox 576 5819 731 5884; x_wconf 84' lang='lat' dir='ltr'>Sponsioin</span> <span class='ocrx_word' id='word_1_1031' title='bbox 746 5817 876 5882; x_wconf 85' lang='lat' dir='ltr'>baptismo</span> <span class='ocrx_word' id='word_1_1032' title='bbox 890 5835 940 5874; x_wconf 93' lang='lat' dir='ltr'>non</span> <span class='ocrx_word' id='word_1_1033' title='bbox 980 5825 1166 5884; x_wconf 89' lang='lat' dir='ltr'>compensatur</span> <span class='ocrx_word' id='word_1_1034' title='bbox 1184 5821 1209 5870; x_wconf 93' lang='lat' dir='ltr'>in</span> <span class='ocrx_word' id='word_1_1035' title='bbox 1229 5831 1319 5870; x_wconf 87' lang='grc'>444444</span> <span class='ocrx_word' id='word_1_1036' title='bbox 1340 5821 1518 5872; x_wconf 85' lang='lat' dir='ltr'>aestimatione</span> <span class='ocrx_word' id='word_1_1037' title='bbox 1538 5817 1570 5872; x_wconf 89' lang='lat' dir='ltr'>ib.</span> <span class='ocrx_word' id='word_1_1038' title='bbox 1592 5817 1620 5870; x_wconf 89' lang='grc'>2*</span> <span class='ocrx_word' id='word_1_1039' title='bbox 1658 5823 1708 5874; x_wconf 84' lang='grc'>932</span> <span class='ocrx_word' id='word_1_1040' title='bbox 1729 5823 1744 5874; x_wconf 88' lang='lat' dir='ltr'>t.</span> <span class='ocrx_word' id='word_1_1041' title='bbox 1765 5809 1825 5874; x_wconf 57' lang='grc'>44-</span> <span class='ocrx_word' id='word_1_1042' title='bbox 1840 5825 1923 5874; x_wconf 86' lang='lat' dir='ltr'>omnis</span> <span class='ocrx_word' id='word_1_1043' title='bbox 1936 5829 1976 5876; x_wconf 90' lang='lat' dir='ltr'>est</span> <span class='ocrx_word' id='word_1_1044' title='bbox 1994 5821 2129 5890; x_wconf 90' lang='lat' dir='ltr'>abaliquo</span> <span class='ocrx_word' id='word_1_1045' title='bbox 2149 5835 2295 5888; x_wconf 81' lang='lat' dir='ltr'>repugnen-</span> 
     </span>
     <span class='ocr_line' id='line_1_61' title="bbox 302 5901 2295 5976; baseline 0.001 -15"><span class='ocrx_word' id='word_1_1046' title='bbox 302 5915 339 5962; x_wconf 90' lang='lat' dir='ltr'>est</span> <span class='ocrx_word' id='word_1_1047' title='bbox 360 5901 465 5974; x_wconf 82' lang='lat' dir='ltr'>proprie</span> <span class='ocrx_word' id='word_1_1048' title='bbox 486 5913 576 5960; x_wconf 88' lang='lat' dir='ltr'>votum</span> <span class='ocrx_word' id='word_1_1049' title='bbox 596 5921 644 5960; x_wconf 91' lang='lat' dir='ltr'>uec</span> <span class='ocrx_word' id='word_1_1050' title='bbox 664 5909 732 5972; x_wconf 88' lang='lat' dir='ltr'>parit</span> <span class='ocrx_word' id='word_1_1051' title='bbox 750 5919 848 5958; x_wconf 85' lang='lat' dir='ltr'>noram</span> <span class='ocrx_word' id='word_1_1052' title='bbox 876 5907 943 5958; x_wconf 87' lang='lat' dir='ltr'>obli·</span> <span class='ocrx_word' id='word_1_1053' title='bbox 1034 5935 1067 5944; x_wconf 83' lang='lat'>-·-</span> <span class='ocrx_word' id='word_1_1054' title='bbox 1087 5907 1113 5958; x_wconf 93' lang='lat' dir='ltr'>tn</span> <span class='ocrx_word' id='word_1_1055' title='bbox 1131 5907 1170 5958; x_wconf 91' lang='lat' dir='ltr'>eis</span> <span class='ocrx_word' id='word_1_1056' title='bbox 1188 5907 1267 5958; x_wconf 88' lang='lat' dir='ltr'>simul</span> <span class='ocrx_word' id='word_1_1057' title='bbox 1288 5907 1466 5958; x_wconf 88' lang='lat' dir='ltr'>maniiestatur</span> <span class='ocrx_word' id='word_1_1058' title='bbox 1484 5909 1577 5960; x_wconf 90' lang='lat' dir='ltr'>iustitia</span> <span class='ocrx_word' id='word_1_1059' title='bbox 1595 5917 1619 5962; x_wconf 91' lang='lat' dir='ltr'>et</span> <span class='ocrx_word' id='word_1_1060' title='bbox 1658 5919 1681 5964; x_wconf 90' lang='lat' dir='ltr'>te</span> <span class='ocrx_word' id='word_1_1061' title='bbox 1700 5917 1726 5964; x_wconf 86' lang='lat' dir='ltr'>et</span> <span class='ocrx_word' id='word_1_1062' title='bbox 1744 5911 1959 5976; x_wconf 88' lang='lat' dir='ltr'>praedominante</span> <span class='ocrx_word' id='word_1_1063' title='bbox 1978 5913 1995 5964; x_wconf 95' lang='lat' dir='ltr'>ll</span> <span class='ocrx_word' id='word_1_1064' title='bbox 2017 5911 2067 5964; x_wconf 90' lang='grc'>465</span> <span class='ocrx_word' id='word_1_1065' title='bbox 2088 5913 2104 5964; x_wconf 89' lang='lat' dir='ltr'>l.</span> <span class='ocrx_word' id='word_1_1066' title='bbox 2123 5911 2187 5962; x_wconf 89' lang='grc'>5-</span> <span class='ocrx_word' id='word_1_1067' title='bbox 2202 5913 2295 5964; x_wconf 86' lang='lat' dir='ltr'>Secun-</span> 
     </span>
     <span class='ocr_line' id='line_1_62' title="bbox 303 5993 2296 6066; baseline 0.002 -18"><span class='ocrx_word' id='word_1_1068' title='bbox 303 5997 433 6062; x_wconf 86' lang='lat' dir='ltr'>gationem</span> <span class='ocrx_word' id='word_1_1069' title='bbox 451 5993 486 6050; x_wconf 83' lang='lat' dir='ltr'>ib.</span> <span class='ocrx_word' id='word_1_1070' title='bbox 506 5997 522 6050; x_wconf 93' lang='lat' dir='ltr'>b</span> <span class='ocrx_word' id='word_1_1071' title='bbox 542 6025 576 6036; x_wconf 87' lang='lat'>·-</span> <span class='ocrx_word' id='word_1_1072' title='bbox 596 5995 717 6062; x_wconf 87' lang='lat' dir='ltr'>baptizati</span> <span class='ocrx_word' id='word_1_1073' title='bbox 746 5995 780 6048; x_wconf 91' lang='lat' dir='ltr'>ab</span> <span class='ocrx_word' id='word_1_1074' title='bbox 806 5997 942 6048; x_wconf 89' lang='lat' dir='ltr'>haereticis</span> <span class='ocrx_word' id='word_1_1075' title='bbox 981 5993 1159 6048; x_wconf 91' lang='lat' dir='ltr'>misericordia</span> <span class='ocrx_word' id='word_1_1076' title='bbox 1185 5995 1202 6044; x_wconf 95' lang='lat' dir='ltr'>ll</span> <span class='ocrx_word' id='word_1_1077' title='bbox 1223 5993 1274 6046; x_wconf 90' lang='grc'>797</span> <span class='ocrx_word' id='word_1_1078' title='bbox 1294 5993 1310 6046; x_wconf 92' lang='lat' dir='ltr'>b</span> <span class='ocrx_word' id='word_1_1079' title='bbox 1328 6023 1365 6036; x_wconf 61' lang='grc' dir='ltr'>ι·-</span> <span class='ocrx_word' id='word_1_1080' title='bbox 1383 5995 1453 6048; x_wconf 87' lang='lat' dir='ltr'>Deus</span> <span class='ocrx_word' id='word_1_1081' title='bbox 1483 6011 1534 6050; x_wconf 90' lang='lat' dir='ltr'>non</span> <span class='ocrx_word' id='word_1_1082' title='bbox 1559 5997 1618 6050; x_wconf 86' lang='lat' dir='ltr'>tacit</span> <span class='ocrx_word' id='word_1_1083' title='bbox 1658 6001 1721 6052; x_wconf 91' lang='lat' dir='ltr'>dum</span> <span class='ocrx_word' id='word_1_1084' title='bbox 1740 6001 1859 6052; x_wconf 90' lang='lat' dir='ltr'>ordinem</span> <span class='ocrx_word' id='word_1_1085' title='bbox 1885 6005 1992 6052; x_wconf 89' lang='lat' dir='ltr'>naturae</span> <span class='ocrx_word' id='word_1_1086' title='bbox 2018 6001 2175 6054; x_wconf 90' lang='lat' dir='ltr'>contrarium</span> <span class='ocrx_word' id='word_1_1087' title='bbox 2200 6001 2296 6066; x_wconf 84' lang='lat' dir='ltr'>patitur</span> 
     </span>
     <span class='ocr_line' id='line_1_63' title="bbox 302 6083 2294 6156; baseline 0.001 -16"><span class='ocrx_word' id='word_1_1088' title='bbox 302 6087 484 6152; x_wconf 88' lang='lat' dir='ltr'>pertinentad</span> <span class='ocrx_word' id='word_1_1089' title='bbox 508 6087 647 6140; x_wconf 86' lang='lat' dir='ltr'>Ecclesiam</span> <span class='ocrx_word' id='word_1_1090' title='bbox 668 6089 699 6140; x_wconf 90' lang='grc'>47</span> <span class='ocrx_word' id='word_1_1091' title='bbox 722 6087 771 6140; x_wconf 86' lang='grc'>426</span> <span class='ocrx_word' id='word_1_1092' title='bbox 793 6085 926 6138; x_wconf 77' lang='grc'>4442744</span> <span class='ocrx_word' id='word_1_1093' title='bbox 980 6083 1107 6156; x_wconf 64' lang='lat' dir='ltr'>paruulos</span> <span class='ocrx_word' id='word_1_1094' title='bbox 1125 6085 1233 6150; x_wconf 87' lang='lat' dir='ltr'>trustra,</span> <span class='ocrx_word' id='word_1_1095' title='bbox 1253 6083 1300 6134; x_wconf 89' lang='lat' dir='ltr'>sed</span> <span class='ocrx_word' id='word_1_1096' title='bbox 1313 6083 1346 6136; x_wconf 91' lang='lat' dir='ltr'>ad</span> <span class='ocrx_word' id='word_1_1097' title='bbox 1366 6099 1441 6138; x_wconf 88' lang='grc'>44444</span> <span class='ocrx_word' id='word_1_1098' title='bbox 1462 6087 1571 6152; x_wconf 87' lang='lat' dir='ltr'>gloriam</span> <span class='ocrx_word' id='word_1_1099' title='bbox 1586 6085 1619 6140; x_wconf 89' lang='lat' dir='ltr'>ib.</span> <span class='ocrx_word' id='word_1_1100' title='bbox 1657 6089 1820 6142; x_wconf 88' lang='lat' dir='ltr'>acoutrarto</span> <span class='ocrx_word' id='word_1_1101' title='bbox 1850 6088 1877 6140; x_wconf 96' lang='grc'>444</span> <span class='ocrx_word' id='word_1_1102' title='bbox 1901 6085 1954 6154; x_wconf 50' lang='grc'>,442</span> <span class='ocrx_word' id='word_1_1103' title='bbox 1984 6089 2000 6140; x_wconf 91' lang='grc'>4.</span> <span class='ocrx_word' id='word_1_1104' title='bbox 2030 6087 2194 6154; x_wconf 83' lang='lat' dir='ltr'>a-Quod</span> <span class='ocrx_word' id='word_1_1105' title='bbox 2223 6087 2294 6140; x_wconf 91' lang='lat' dir='ltr'>nullo</span> 
     </span>
     <span class='ocr_line' id='line_1_64' title="bbox 355 6173 2339 6252; baseline 0.001 -26"><span class='ocrx_word' id='word_1_1106' title='bbox 355 6203 389 6216; x_wconf 88' lang='lat'>--</span> <span class='ocrx_word' id='word_1_1107' title='bbox 413 6177 450 6228; x_wconf 89' lang='lat' dir='ltr'>lle</span> <span class='ocrx_word' id='word_1_1108' title='bbox 474 6179 532 6242; x_wconf 87' lang='lat' dir='ltr'>lege</span> <span class='ocrx_word' id='word_1_1109' title='bbox 561 6177 694 6228; x_wconf 86' lang='lat' dir='ltr'>communi</span> <span class='ocrx_word' id='word_1_1110' title='bbox 724 6177 801 6228; x_wconf 88' lang='lat' dir='ltr'>dator</span> <span class='ocrx_word' id='word_1_1111' title='bbox 824 6177 942 6240; x_wconf 83' lang='lat' dir='ltr'>parvulis</span> <span class='ocrx_word' id='word_1_1112' title='bbox 981 6175 1159 6228; x_wconf 89' lang='lat' dir='ltr'>b-llelius</span> <span class='ocrx_word' id='word_1_1113' title='bbox 1181 6173 1277 6226; x_wconf 83' lang='lat' dir='ltr'>osteis</span> <span class='ocrx_word' id='word_1_1114' title='bbox 1301 6187 1537 6240; x_wconf 89' lang='lat' dir='ltr'>essequam-non</span> <span class='ocrx_word' id='word_1_1115' title='bbox 1562 6191 1619 6230; x_wconf 87' lang='grc'>4444</span> <span class='ocrx_word' id='word_1_1116' title='bbox 1657 6177 1736 6230; x_wconf 89' lang='lat' dir='ltr'>modo</span> <span class='ocrx_word' id='word_1_1117' title='bbox 1754 6175 1833 6230; x_wconf 91' lang='lat' dir='ltr'>habet</span> <span class='ocrx_word' id='word_1_1118' title='bbox 1853 6179 2010 6230; x_wconf 88' lang='lat' dir='ltr'>contrarium</span> <span class='ocrx_word' id='word_1_1119' title='bbox 2031 6177 2127 6244; x_wconf 89' lang='lat' dir='ltr'>aliquid</span> <span class='ocrx_word' id='word_1_1120' title='bbox 2148 6189 2195 6228; x_wconf 91' lang='lat' dir='ltr'>nec</span> <span class='ocrx_word' id='word_1_1121' title='bbox 2221 6189 2295 6240; x_wconf 82' lang='lat' dir='ltr'>supe</span> <span class='ocrx_word' id='word_1_1122' title='bbox 2336 6245 2339 6252; x_wconf 23' lang='grc' dir='ltr'>Ι</span> 
     </span>
     <span class='ocr_line' id='line_1_65' title="bbox 303 6261 2295 6332; baseline -0.001 -14"><span class='ocrx_word' id='word_1_1123' title='bbox 303 6265 418 6330; x_wconf 89' lang='lat' dir='ltr'>aequalis</span> <span class='ocrx_word' id='word_1_1124' title='bbox 438 6267 518 6330; x_wconf 88' lang='lat' dir='ltr'>gratia</span> <span class='ocrx_word' id='word_1_1125' title='bbox 540 6267 565 6316; x_wconf 90' lang='lat' dir='ltr'>in</span> <span class='ocrx_word' id='word_1_1126' title='bbox 583 6263 714 6330; x_wconf 84' lang='lat' dir='ltr'>baptismo</span> <span class='ocrx_word' id='word_1_1127' title='bbox 736 6265 767 6318; x_wconf 91' lang='grc'>47</span> <span class='ocrx_word' id='word_1_1128' title='bbox 790 6265 876 6318; x_wconf 80' lang='lat' dir='ltr'>libb</span> <span class='ocrx_word' id='word_1_1129' title='bbox 981 6261 1069 6318; x_wconf 86' lang='grc'>44793</span> <span class='ocrx_word' id='word_1_1130' title='bbox 1091 6267 1108 6316; x_wconf 89' lang='grc'>4.</span> <span class='ocrx_word' id='word_1_1131' title='bbox 1127 6261 1153 6314; x_wconf 87' lang='grc'>5.</span> <span class='ocrx_word' id='word_1_1132' title='bbox 1172 6261 1257 6314; x_wconf 88' lang='grc'>7944</span> <span class='ocrx_word' id='word_1_1133' title='bbox 1658 6267 1726 6330; x_wconf 88' lang='grc'>4444,</span> <span class='ocrx_word' id='word_1_1134' title='bbox 1745 6281 1794 6320; x_wconf 89' lang='grc'>444</span> <span class='ocrx_word' id='word_1_1135' title='bbox 1821 6281 1869 6330; x_wconf 85' lang='grc'>444</span> <span class='ocrx_word' id='word_1_1136' title='bbox 1895 6279 1989 6318; x_wconf 85' lang='grc'>44444</span> <span class='ocrx_word' id='word_1_1137' title='bbox 2017 6281 2063 6330; x_wconf 86' lang='grc'>444</span> <span class='ocrx_word' id='word_1_1138' title='bbox 2084 6265 2217 6332; x_wconf 85' lang='lat' dir='ltr'>accidens,</span> <span class='ocrx_word' id='word_1_1139' title='bbox 2244 6279 2295 6316; x_wconf 91' lang='lat' dir='ltr'>non</span> 
     </span>
     <span class='ocr_line' id='line_1_66' title="bbox 354 6351 2295 6422; baseline 0.002 -18"><span class='ocrx_word' id='word_1_1140' title='bbox 354 6379 390 6392; x_wconf 85' lang='lat'>-</span> <span class='ocrx_word' id='word_1_1141' title='bbox 408 6353 540 6408; x_wconf 75' lang='lat' dir='ltr'>Potentiae</span> <span class='ocrx_word' id='word_1_1142' title='bbox 560 6357 583 6406; x_wconf 91' lang='lat' dir='ltr'>in</span> <span class='ocrx_word' id='word_1_1143' title='bbox 605 6355 722 6420; x_wconf 89' lang='grc'>44444444</span> <span class='ocrx_word' id='word_1_1144' title='bbox 737 6367 786 6406; x_wconf 89' lang='grc'>444</span> <span class='ocrx_word' id='word_1_1145' title='bbox 807 6361 868 6408; x_wconf 89' lang='grc'>4444</span> <span class='ocrx_word' id='word_1_1146' title='bbox 885 6353 942 6408; x_wconf 89' lang='lat' dir='ltr'>ido·</span> <span class='ocrx_word' id='word_1_1147' title='bbox 1032 6379 1068 6392; x_wconf 86' lang='lat'>-</span> <span class='ocrx_word' id='word_1_1148' title='bbox 1092 6351 1188 6406; x_wconf 88' lang='lat' dir='ltr'>habent</span> <span class='ocrx_word' id='word_1_1149' title='bbox 1207 6351 1381 6416; x_wconf 88' lang='lat' dir='ltr'>cognitionem</span> <span class='ocrx_word' id='word_1_1150' title='bbox 1402 6365 1494 6406; x_wconf 89' lang='lat' dir='ltr'>eorum</span> <span class='ocrx_word' id='word_1_1151' title='bbox 1513 6357 1619 6420; x_wconf 88' lang='lat' dir='ltr'>saltem,</span> <span class='ocrx_word' id='word_1_1152' title='bbox 1658 6361 1740 6420; x_wconf 89' lang='lat' dir='ltr'>potest</span> <span class='ocrx_word' id='word_1_1153' title='bbox 1760 6357 1811 6420; x_wconf 89' lang='grc'>4444</span> <span class='ocrx_word' id='word_1_1154' title='bbox 1832 6355 1865 6408; x_wconf 89' lang='grc'>444</span> <span class='ocrx_word' id='word_1_1155' title='bbox 1884 6355 1972 6422; x_wconf 91' lang='lat' dir='ltr'>aliquo</span> <span class='ocrx_word' id='word_1_1156' title='bbox 1985 6359 2079 6420; x_wconf 84' lang='lat' dir='ltr'>agente</span> <span class='ocrx_word' id='word_1_1157' title='bbox 2099 6353 2126 6406; x_wconf 94' lang='lat' dir='ltr'>lll</span> <span class='ocrx_word' id='word_1_1158' title='bbox 2147 6353 2199 6406; x_wconf 87' lang='grc'>354</span> <span class='ocrx_word' id='word_1_1159' title='bbox 2219 6351 2247 6408; x_wconf 88' lang='grc'>3*</span> <span class='ocrx_word' id='word_1_1160' title='bbox 2261 6381 2295 6394; x_wconf 87' lang='lat'>-··</span> 
     </span>
     <span class='ocr_line' id='line_1_67' title="bbox 303 6441 2295 6510; baseline 0.001 -16"><span class='ocrx_word' id='word_1_1161' title='bbox 303 6455 366 6494; x_wconf 90' lang='lat' dir='ltr'>neae</span> <span class='ocrx_word' id='word_1_1162' title='bbox 384 6441 416 6494; x_wconf 89' lang='lat' dir='ltr'>ad</span> <span class='ocrx_word' id='word_1_1163' title='bbox 437 6441 586 6496; x_wconf 79' lang='lat' dir='ltr'>exorandum</span> <span class='ocrx_word' id='word_1_1164' title='bbox 607 6445 632 6494; x_wconf 90' lang='lat' dir='ltr'>in</span> <span class='ocrx_word' id='word_1_1165' title='bbox 646 6457 723 6496; x_wconf 81' lang='lat' dir='ltr'>risum</span> <span class='ocrx_word' id='word_1_1166' title='bbox 740 6445 837 6510; x_wconf 83' lang='lat' dir='ltr'>gratiae</span> <span class='ocrx_word' id='word_1_1167' title='bbox 851 6447 877 6496; x_wconf 90' lang='lat' dir='ltr'>et</span> <span class='ocrx_word' id='word_1_1168' title='bbox 889 6445 942 6496; x_wconf 84' lang='grc'>444·</span> <span class='ocrx_word' id='word_1_1169' title='bbox 980 6457 1049 6510; x_wconf 90' lang='lat' dir='ltr'>quae</span> <span class='ocrx_word' id='word_1_1170' title='bbox 1067 6449 1127 6496; x_wconf 91' lang='lat' dir='ltr'>sunt</span> <span class='ocrx_word' id='word_1_1171' title='bbox 1139 6445 1242 6494; x_wconf 88' lang='lat' dir='ltr'>animae</span> <span class='ocrx_word' id='word_1_1172' title='bbox 1259 6441 1410 6502; x_wconf 88' lang='lat' dir='ltr'>naturaliter</span> <span class='ocrx_word' id='word_1_1173' title='bbox 1423 6443 1514 6496; x_wconf 91' lang='lat' dir='ltr'>inserta</span> <span class='ocrx_word' id='word_1_1174' title='bbox 1535 6445 1553 6496; x_wconf 94' lang='grc'>44</span> <span class='ocrx_word' id='word_1_1175' title='bbox 1566 6443 1617 6496; x_wconf 89' lang='grc'>796</span> <span class='ocrx_word' id='word_1_1176' title='bbox 1658 6459 1829 6508; x_wconf 86' lang='lat' dir='ltr'>corrumpens</span> <span class='ocrx_word' id='word_1_1177' title='bbox 1850 6457 1897 6510; x_wconf 89' lang='lat' dir='ltr'>per</span> <span class='ocrx_word' id='word_1_1178' title='bbox 1915 6443 2074 6496; x_wconf 81' lang='lat' dir='ltr'>influentiam</span> <span class='ocrx_word' id='word_1_1179' title='bbox 2091 6443 2235 6496; x_wconf 89' lang='lat' dir='ltr'>secundum</span> <span class='ocrx_word' id='word_1_1180' title='bbox 2256 6457 2295 6494; x_wconf 91' lang='lat' dir='ltr'>or·</span> 
     </span>
     <span class='ocr_line' id='line_1_68' title="bbox 301 6529 2295 6600; baseline 0.001 -18"><span class='ocrx_word' id='word_1_1181' title='bbox 301 6537 401 6600; x_wconf 87' lang='grc'>444444,</span> <span class='ocrx_word' id='word_1_1182' title='bbox 431 6529 599 6584; x_wconf 88' lang='lat' dir='ltr'>nibilominus</span> <span class='ocrx_word' id='word_1_1183' title='bbox 628 6537 712 6584; x_wconf 86' lang='lat' dir='ltr'>tamen</span> <span class='ocrx_word' id='word_1_1184' title='bbox 744 6531 854 6584; x_wconf 91' lang='lat' dir='ltr'>idoneae</span> <span class='ocrx_word' id='word_1_1185' title='bbox 881 6537 942 6584; x_wconf 88' lang='grc'>4444</span> <span class='ocrx_word' id='word_1_1186' title='bbox 981 6531 997 6584; x_wconf 92' lang='lat' dir='ltr'>b</span> <span class='ocrx_word' id='word_1_1187' title='bbox 1026 6559 1062 6570; x_wconf 92' lang='lat'>·-</span> <span class='ocrx_word' id='word_1_1188' title='bbox 1088 6531 1114 6582; x_wconf 95' lang='lat' dir='ltr'>ln</span> <span class='ocrx_word' id='word_1_1189' title='bbox 1142 6531 1259 6596; x_wconf 91' lang='lat' dir='ltr'>parvulis</span> <span class='ocrx_word' id='word_1_1190' title='bbox 1289 6529 1418 6582; x_wconf 86' lang='lat' dir='ltr'>damnatis</span> <span class='ocrx_word' id='word_1_1191' title='bbox 1445 6545 1497 6584; x_wconf 94' lang='lat' dir='ltr'>non</span> <span class='ocrx_word' id='word_1_1192' title='bbox 1520 6531 1620 6598; x_wconf 83' lang='lat' dir='ltr'>vigebit</span> <span class='ocrx_word' id='word_1_1193' title='bbox 1658 6533 1744 6584; x_wconf 85' lang='lat' dir='ltr'>dinem</span> <span class='ocrx_word' id='word_1_1194' title='bbox 1766 6539 1872 6586; x_wconf 86' lang='lat' dir='ltr'>naturae</span> <span class='ocrx_word' id='word_1_1195' title='bbox 1890 6537 1941 6594; x_wconf 90' lang='lat' dir='ltr'>est,</span> <span class='ocrx_word' id='word_1_1196' title='bbox 1960 6533 2198 6600; x_wconf 89' lang='lat' dir='ltr'>qnandopatientis</span> <span class='ocrx_word' id='word_1_1197' title='bbox 2219 6537 2295 6584; x_wconf 82' lang='lat' dir='ltr'>mate·</span> 
     </span>
     <span class='ocr_line' id='line_1_69' title="bbox 301 6619 2296 6688; baseline 0.001 -18"><span class='ocrx_word' id='word_1_1198' title='bbox 301 6621 466 6684; x_wconf 86' lang='lat' dir='ltr'>pardonum</span> <span class='ocrx_word' id='word_1_1199' title='bbox 488 6621 942 6684; x_wconf 84' lang='lat' dir='ltr'>gratiaeathabitusvirtutumde·</span> <span class='ocrx_word' id='word_1_1200' title='bbox 981 6621 1117 6686; x_wconf 87' lang='lat' dir='ltr'>discretio,</span> <span class='ocrx_word' id='word_1_1201' title='bbox 1145 6621 1207 6688; x_wconf 85' lang='lat' dir='ltr'>qnia</span> <span class='ocrx_word' id='word_1_1202' title='bbox 1237 6631 1287 6672; x_wconf 90' lang='lat' dir='ltr'>non</span> <span class='ocrx_word' id='word_1_1203' title='bbox 1315 6619 1365 6670; x_wconf 87' lang='lat' dir='ltr'>erit</span> <span class='ocrx_word' id='word_1_1204' title='bbox 1394 6621 1420 6670; x_wconf 93' lang='lat' dir='ltr'>in</span> <span class='ocrx_word' id='word_1_1205' title='bbox 1451 6623 1489 6672; x_wconf 89' lang='lat' dir='ltr'>eis</span> <span class='ocrx_word' id='word_1_1206' title='bbox 1520 6621 1619 6674; x_wconf 89' lang='lat' dir='ltr'>tristitia</span> <span class='ocrx_word' id='word_1_1207' title='bbox 1658 6625 1692 6674; x_wconf 92' lang='lat' dir='ltr'>ria</span> <span class='ocrx_word' id='word_1_1208' title='bbox 1713 6623 1812 6686; x_wconf 89' lang='lat' dir='ltr'>appetit</span> <span class='ocrx_word' id='word_1_1209' title='bbox 1830 6637 1887 6674; x_wconf 88' lang='lat' dir='ltr'>esse</span> <span class='ocrx_word' id='word_1_1210' title='bbox 1907 6621 1956 6674; x_wconf 90' lang='lat' dir='ltr'>sub</span> <span class='ocrx_word' id='word_1_1211' title='bbox 1976 6621 2026 6674; x_wconf 89' lang='lat' dir='ltr'>alio</span> <span class='ocrx_word' id='word_1_1212' title='bbox 2045 6627 2103 6674; x_wconf 88' lang='lat' dir='ltr'>actu</span> <span class='ocrx_word' id='word_1_1213' title='bbox 2123 6623 2223 6672; x_wconf 89' lang='lat' dir='ltr'>ratione</span> <span class='ocrx_word' id='word_1_1214' title='bbox 2242 6621 2296 6682; x_wconf 88' lang='grc'>444-</span> 
     </span>
     <span class='ocr_line' id='line_1_70' title="bbox 301 6705 2295 6776; baseline -0.001 -14"><span class='ocrx_word' id='word_1_1215' title='bbox 301 6709 536 6774; x_wconf 89' lang='lat' dir='ltr'>corarietperlici</span> <span class='ocrx_word' id='word_1_1216' title='bbox 558 6707 645 6762; x_wconf 89' lang='grc'>44644</span> <span class='ocrx_word' id='word_1_1217' title='bbox 672 6707 755 6762; x_wconf 88' lang='grc'>6*-</span> <span class='ocrx_word' id='word_1_1218' title='bbox 773 6709 891 6762; x_wconf 81' lang='grc'>94444444</span> <span class='ocrx_word' id='word_1_1219' title='bbox 917 6711 941 6760; x_wconf 87' lang='grc'>44</span> <span class='ocrx_word' id='word_1_1220' title='bbox 981 6709 1013 6762; x_wconf 92' lang='grc'>47</span> <span class='ocrx_word' id='word_1_1221' title='bbox 1044 6709 1095 6762; x_wconf 88' lang='grc'>895</span> <span class='ocrx_word' id='word_1_1222' title='bbox 1117 6705 1143 6761; x_wconf 80' lang='lat' dir='ltr'>l*</span> <span class='ocrx_word' id='word_1_1223' title='bbox 1162 6723 1320 6774; x_wconf 85' lang='lat' dir='ltr'>-semper</span> <span class='ocrx_word' id='word_1_1224' title='bbox 1339 6717 1443 6762; x_wconf 88' lang='lat' dir='ltr'>manent</span> <span class='ocrx_word' id='word_1_1225' title='bbox 1472 6711 1497 6762; x_wconf 90' lang='lat' dir='ltr'>in</span> <span class='ocrx_word' id='word_1_1226' title='bbox 1526 6709 1620 6762; x_wconf 88' lang='lat' dir='ltr'>eodem</span> <span class='ocrx_word' id='word_1_1227' title='bbox 1658 6711 1767 6762; x_wconf 82' lang='lat' dir='ltr'>rationis</span> <span class='ocrx_word' id='word_1_1228' title='bbox 1787 6711 1819 6762; x_wconf 93' lang='grc'>47</span> <span class='ocrx_word' id='word_1_1229' title='bbox 1846 6709 1914 6763; x_wconf 79' lang='grc'>4094</span> <span class='ocrx_word' id='word_1_1230' title='bbox 1936 6709 2004 6776; x_wconf 91' lang='lat' dir='ltr'>a,b</span> <span class='ocrx_word' id='word_1_1231' title='bbox 2030 6737 2065 6750; x_wconf 89' lang='lat'>—</span> <span class='ocrx_word' id='word_1_1232' title='bbox 2093 6709 2125 6762; x_wconf 93' lang='lat' dir='ltr'>ab</span> <span class='ocrx_word' id='word_1_1233' title='bbox 2152 6709 2295 6762; x_wconf 83' lang='lat' dir='ltr'>extrinseco</span> 
     </span>
     <span class='ocr_line' id='line_1_71' title="bbox 298 6795 2295 6866; baseline 0.001 -18"><span class='ocrx_word' id='word_1_1234' title='bbox 298 6795 431 6866; x_wconf 87' lang='lat' dir='ltr'>baptismo</span> <span class='ocrx_word' id='word_1_1235' title='bbox 450 6797 555 6850; x_wconf 91' lang='lat' dir='ltr'>habitus</span> <span class='ocrx_word' id='word_1_1236' title='bbox 573 6799 680 6862; x_wconf 87' lang='lat' dir='ltr'>perlecti</span> <span class='ocrx_word' id='word_1_1237' title='bbox 704 6801 830 6852; x_wconf 73' lang='lat' dir='ltr'>virtulum</span> <span class='ocrx_word' id='word_1_1238' title='bbox 858 6797 943 6850; x_wconf 87' lang='grc'>44444-</span> <span class='ocrx_word' id='word_1_1239' title='bbox 981 6801 1049 6850; x_wconf 88' lang='lat' dir='ltr'>statu</span> <span class='ocrx_word' id='word_1_1240' title='bbox 1073 6799 1232 6864; x_wconf 87' lang='lat' dir='ltr'>cognitionis</span> <span class='ocrx_word' id='word_1_1241' title='bbox 1258 6801 1284 6850; x_wconf 88' lang='lat' dir='ltr'>et</span> <span class='ocrx_word' id='word_1_1242' title='bbox 1310 6795 1451 6850; x_wconf 79' lang='lat' dir='ltr'>allectionis</span> <span class='ocrx_word' id='word_1_1243' title='bbox 1479 6801 1496 6852; x_wconf 98' lang='lat' dir='ltr'>ll</span> <span class='ocrx_word' id='word_1_1244' title='bbox 1521 6797 1573 6850; x_wconf 88' lang='grc'>797</span> <span class='ocrx_word' id='word_1_1245' title='bbox 1593 6797 1618 6852; x_wconf 89' lang='lat' dir='ltr'>b.</span> <span class='ocrx_word' id='word_1_1246' title='bbox 1658 6813 1830 6864; x_wconf 90' lang='lat' dir='ltr'>corrumpens</span> <span class='ocrx_word' id='word_1_1247' title='bbox 1849 6803 1887 6852; x_wconf 90' lang='lat' dir='ltr'>est</span> <span class='ocrx_word' id='word_1_1248' title='bbox 1913 6813 1959 6864; x_wconf 90' lang='lat' dir='ltr'>per</span> <span class='ocrx_word' id='word_1_1249' title='bbox 1985 6801 2160 6862; x_wconf 83' lang='lat' dir='ltr'>influentiam,</span> <span class='ocrx_word' id='word_1_1250' title='bbox 2185 6797 2228 6848; x_wconf 85' lang='lat' dir='ltr'>vel</span> <span class='ocrx_word' id='word_1_1251' title='bbox 2247 6809 2295 6862; x_wconf 85' lang='lat' dir='ltr'>per</span> 
     </span>
     <span class='ocr_line' id='line_1_72' title="bbox 300 6883 1895 6954; baseline 0.003 -18"><span class='ocrx_word' id='word_1_1252' title='bbox 300 6883 411 6950; x_wconf 89' lang='lat' dir='ltr'>duntur,</span> <span class='ocrx_word' id='word_1_1253' title='bbox 429 6887 495 6940; x_wconf 90' lang='lat' dir='ltr'>sicut</span> <span class='ocrx_word' id='word_1_1254' title='bbox 512 6891 537 6938; x_wconf 89' lang='lat' dir='ltr'>et</span> <span class='ocrx_word' id='word_1_1255' title='bbox 557 6885 664 6954; x_wconf 90' lang='lat' dir='ltr'>adultis,</span> <span class='ocrx_word' id='word_1_1256' title='bbox 686 6887 809 6954; x_wconf 82' lang='lat' dir='ltr'>quamvis</span> <span class='ocrx_word' id='word_1_1257' title='bbox 824 6885 942 6952; x_wconf 85' lang='lat' dir='ltr'>perillus</span> <span class='ocrx_word' id='word_1_1258' title='bbox 981 6887 1031 6938; x_wconf 92' lang='grc'>798</span> <span class='ocrx_word' id='word_1_1259' title='bbox 1057 6885 1085 6938; x_wconf 91' lang='grc'>6*</span> <span class='ocrx_word' id='word_1_1260' title='bbox 1658 6887 1806 6940; x_wconf 80' lang='lat' dir='ltr'>violentiam</span> <span class='ocrx_word' id='word_1_1261' title='bbox 1826 6885 1895 6942; x_wconf 79' lang='lat' dir='ltr'>tha</span> 
     </span>
    </p>
   </div>
   <div class='ocr_carea' id='block_1_3' title="bbox 0 0 2896 8384">
    <p class='ocr_par' dir='ltr' id='par_1_3' title="bbox 0 0 2896 8384">
     <span class='ocr_line' id='line_1_73' title="bbox 0 0 2896 8384; baseline 0 3"><span class='ocrx_word' id='word_1_1262' title='bbox 0 0 2896 8384; x_wconf 95' lang='lat' dir='ltr'> </span> 
     </span>
    </p>
   </div>
  </div>
 </body>
</html>
